
@PhdThesis{these,
title = {Simulation of Polymer Translocation},
author = {Henk Vocks},
school = {Utrecht Universiteit},
year = {2008},
OPTmonth = {jully},
}

@article{Kasianowicz1996,
  doi = {10.1073/pnas.93.24.13770},
  url = {http://dx.doi.org/10.1073/pnas.93.24.13770},
  year  = {1996},
  month = {nov},
  publisher = {Proceedings of the National Academy of Sciences},
  volume = {93},
  number = {24},
  pages = {13770--13773},
  author = {J. J. Kasianowicz and E. Brandin and D. Branton and D. W. Deamer},
  title = {Characterization of individual polynucleotide molecules using a membrane channel},
  journal = {Proceedings of the National Academy of Sciences}
}


  	
@article{milchev,
author={Andrey Milchev},
  title={Single-polymer dynamics under constraints: scaling theory and computer experiment},
  journal={Journal of Physics: Condensed Matter},
  volume={23},
  number={10},
  pages={103101},
  url={http://stacks.iop.org/0953-8984/23/i=10/a=103101},
  year={2011},
}

@article{keyser,
author = {Ulrich F. Keyser}, 
title = {Controlling molecular transport through nanopores}, 
year = {2011}, 
volume = {Published online},
doi = {10.1098/rsif.2011.0222},  
url = {http://rsif.royalsocietypublishing.org/content/early/2011/06/22/rsif.2011.0222.abstract}, 
eprint = {http://rsif.royalsocietypublishing.org/content/early/2011/06/22/rsif.2011.0222.full.pdf+html}, 
journal = {Journal of The Royal Society Interface} 
}


@article{sung,
  volume = {77},
  journal = {Physical Review Letters},
  author = {Sung, W. and Park, P. J.},
  month = {Jul},
  url = {http://link.aps.org/doi/10.1103/PhysRevLett.77.783},
  doi = {10.1103/PhysRevLett.77.783},
  year = {1996},
  title = {Polymer Translocation through a Pore in a Membrane},
  issue = {4},
  publisher = {American Physical Society},
  pages = {783--786}
}

@article{storm,
author = {Storm, Arnold J. and Storm, Cornelis and Chen, Jianghua and Zandbergen, Henny and Joanny, Jean-François and Dekker, Cees},
title = {Fast DNA Translocation through a Solid-State Nanopore},
journal = {Nano Letters},
volume = {5},
number = {7},
pages = {1193-1197},
year = {2005},
doi = {10.1021/nl048030d},

URL = {http://pubs.acs.org/doi/abs/10.1021/nl048030d},
eprint = {http://pubs.acs.org/doi/pdf/10.1021/nl048030d}
}

@article{jchem,
author = {Margaret C. Linak and Richard Tourdot and Kevin D. Dorfman},
collaboration = {},
title = {Moving beyond Watson--Crick models of coarse grained DNA dynamics},
publisher = {AIP},
year = {2011},
journal = {The Journal of Chemical Physics},
volume = {135},
number = {20},
eid = {205102},
numpages = {12},
pages = {205102},
keywords = {bonds (chemical); DNA; molecular biophysics; molecular configurations},
url = {http://link.aip.org/link/?JCP/135/205102/1},
doi = {10.1063/1.3662137}
}

@article{ holesedge,
author = {Bayley, Hagan},
Title = {{Nanotechnology: Holes with an edge}},
Journal = {{Nature}},
Year = {{2010}},
Volume = {{467}},
Number = {{7315}},
Pages = {{542}},
ISSN = {{0028-0836}},
Unique-ID = {{ISI:000282273100028}},
}

@article{graph,
author = {Schneider, Grégory F. and Kowalczyk, Stefan W. and Calado, Victor E. and Pandraud, Grégory and Zandbergen, Henny W. and Vandersypen, Lieven M. K. and Dekker, Cees},
title = {DNA Translocation through Graphene Nanopores},
journal = {Nano Letters},
volume = {10},
number = {8},
pages = {3163-3167},
year = {2010},
doi = {10.1021/nl102069z},

URL = {http://pubs.acs.org/doi/abs/10.1021/nl102069z},
eprint = {http://pubs.acs.org/doi/pdf/10.1021/nl102069z}
}

@article{doublebrin,
author = {Sathe, Chaitanya and Zou, Xueqing and Leburton, Jean-Pierre and Schulten, Klaus},
title = {Computational Investigation of DNA Detection Using Graphene Nanopores},
journal = {ACS Nano},
volume = {5},
number = {11},
pages = {8842-8851},
year = {2011},
doi = {10.1021/nn202989w},

URL = {http://pubs.acs.org/doi/abs/10.1021/nn202989w},
eprint = {http://pubs.acs.org/doi/pdf/10.1021/nn202989w}
}

@article{lammps,
title = "Fast Parallel Algorithms for Short-Range Molecular Dynamics",
journal = "Journal of Computational Physics",
volume = "117",
number = "1",
pages = "1 - 19",
year = "1995",
note = "",
issn = "0021-9991",
doi = "10.1006/jcph.1995.1039",
url = "http://www.sciencedirect.com/science/article/pii/S002199918571039X",
author = "Steve Plimpton"
}

@article{traction,
  title = {Forced translocation of a polymer: Dynamical scaling versus molecular dynamics simulation},
  author = {Dubbeldam, J. L. A. and Rostiashvili, V. G. and Milchev, A. and Vilgis, T. A.},
  journal = {Physical Review E},
  volume = {85},
  issue = {4},
  pages = {041801},
  numpages = {12},
  year = {2012},
  doi = {10.1103/PhysRevE.85.041801},
  url = {http://link.aps.org/doi/10.1103/PhysRevE.85.041801},
  publisher = {American Physical Society}
}

@article{dnatrans,
author = {Novoselov, K. S. and Geim, A. K. and Morozov, S. V. and Jiang, D. and Zhang, Y. and Dubonos, S. V. and Grigorieva, I. V. and Firsov, A. A.}, 
title = {Electric Field Effect in Atomically Thin Carbon Films}, 
volume = {306}, 
number = {5696}, 
pages = {666-669}, 
year = {2004}, 
doi = {10.1126/science.1102896}, 
URL = {http://www.sciencemag.org/content/306/5696/666.abstract}, 
eprint = {http://www.sciencemag.org/content/306/5696/666.full.pdf}, 
journal = {Science} 
}

@misc{adnjpg,
author = {Sergei N. Smirnov},
title = {Thermodynamics of DNA Duplex Denaturing},
howpublished = {\url{http://web.nmsu.edu/~snsm/classes/chem435/Lab4/}},
}

@article{Sanggaard2014,
  doi = {10.1038/ncomms4765},
  url = {http://dx.doi.org/10.1038/ncomms4765},
  year  = {2014},
  month = {may},
  publisher = {Nature Publishing Group},
  volume = {5},
  author = {Kristian W. Sanggaard  et al},
  title = {Spider genomes provide insight into composition and evolution of venom and silk},
  journal = {Nat Comms}
}
@article{Janda2007,
  doi = {10.1128/jcm.01228-07},
  url = {http://dx.doi.org/10.1128/JCM.01228-07},
  year  = {2007},
  month = {jul},
  publisher = {American Society for Microbiology},
  volume = {45},
  number = {9},
  pages = {2761--2764},
  author = {J. M. Janda and S. L. Abbott},
  title = {16S {rRNA} Gene Sequencing for Bacterial Identification in the Diagnostic Laboratory: Pluses,  Perils,  and Pitfalls},
  journal = {Journal of Clinical Microbiology}
}
@article{Saunders2012,
  doi = {10.1126/scitranslmed.3004041},
  url = {http://dx.doi.org/10.1126/scitranslmed.3004041},
  year  = {2012},
  month = {oct},
  publisher = {American Association for the Advancement of Science ({AAAS})},
  volume = {4},
  number = {154},
  pages = {154ra135--154ra135},
  author = {C. J. Saunders et al},
  title = {Rapid Whole-Genome Sequencing for Genetic Disease Diagnosis in Neonatal Intensive Care Units},
  journal = {Science Translational Medicine}
}

@article{Neves2011,
  doi = {10.1007/978-1-61779-276-2_10},
  url = {http://dx.doi.org/10.1007/978-1-61779-276-2_10},
  year  = {2011},
  publisher = {Springer Science $\mathplus$ Business Media},
  pages = {183--235},
  author = {Susana S. Neves and Laura L. Forrest},
  title = {Plant {DNA} Sequencing for Phylogenetic Analyses: From Plants to Sequences},
  booktitle = {Methods in Molecular Biology}
}

@article{Davies2010,
  doi = {10.1128/mmbr.00016-10},
  url = {http://dx.doi.org/10.1128/MMBR.00016-10},
  year  = {2010},
  month = {aug},
  publisher = {American Society for Microbiology},
  volume = {74},
  number = {3},
  pages = {417--433},
  author = {J. Davies and D. Davies},
  title = {Origins and Evolution of Antibiotic Resistance},
  journal = {Microbiology and Molecular Biology Reviews}
}

@article{Schneeberger2009,
  doi = {10.1038/nmeth0809-550},
  url = {http://dx.doi.org/10.1038/nmeth0809-550},
  year  = {2009},
  month = {aug},
  publisher = {Nature Publishing Group},
  volume = {6},
  number = {8},
  pages = {550--551},
  author = {Korbinian Schneeberger and Stephan Ossowski and Christa Lanz and Trine Juul and Annabeth H{\o}gh Petersen and K{\aa}re Lehmann Nielsen and Jan-Elo J{\o}rgensen and Detlef Weigel and Stig Uggerh{\o} Andersen},
  title = {{SHOREmap}: simultaneous mapping and mutation identification by deep sequencing},
  journal = {Nat Meth}
}

@article{Hamburg2010,
  doi = {10.1056/nejmp1006304},
  url = {http://dx.doi.org/10.1056/NEJMp1006304},
  year  = {2010},
  month = {jul},
  publisher = {New England Journal of Medicine ({NEJM}/{MMS})},
  volume = {363},
  number = {4},
  pages = {301--304},
  author = {Margaret A. Hamburg and Francis S. Collins},
  title = {The Path to Personalized Medicine},
  journal = {New England Journal of Medicine}
}

@article{Wilson1995,
  doi = {10.1007/bf01369907},
  url = {http://dx.doi.org/10.1007/BF01369907},
  year  = {1995},
  month = {mar},
  publisher = {Springer Science $\mathplus$ Business Media},
  volume = {108},
  number = {2},
  pages = {68--74},
  author = {Mark R. Wilson and Joseph A. DiZinno and Deborah Polanskey and Jeri Replogle and Bruce Budowle},
  title = {Validation of mitochondrial {DNA} sequencing for forensic casework analysis},
  journal = {International Journal of Legal Medicine}
}

@article{Sanger1975,
  doi = {10.1016/0022-2836(75)90213-2},
  url = {http://dx.doi.org/10.1016/0022-2836(75)90213-2},
  year  = {1975},
  month = {may},
  publisher = {Elsevier {BV}},
  volume = {94},
  number = {3},
  pages = {441--448},
  author = {F. Sanger and A.R. Coulson},
  title = {A rapid method for determining sequences in {DNA} by primed synthesis with {DNA} polymerase},
  journal = {Journal of Molecular Biology}
}

@article{Maxam1977,
  doi = {10.1073/pnas.74.2.560},
  url = {http://dx.doi.org/10.1073/pnas.74.2.560},
  year  = {1977},
  month = {feb},
  publisher = {Proceedings of the National Academy of Sciences},
  volume = {74},
  number = {2},
  pages = {560--564},
  author = {A. M. Maxam and W. Gilbert},
  title = {A new method for sequencing {DNA}.},
  journal = {Proceedings of the National Academy of Sciences}
}

@article{WU1972,
  doi = {10.1038/newbio236198a0},
  url = {http://dx.doi.org/10.1038/newbio236198a0},
  year  = {1972},
  month = {apr},
  publisher = {Nature Publishing Group},
  volume = {236},
  number = {68},
  pages = {198--200},
  author = {RAY WU},
  title = {Nucleotide Sequence Analysis of {DNA}},
  journal = {Nat New Biol}
}



@article{Sanger1977,
  doi = {10.1038/265687a0},
  url = {http://dx.doi.org/10.1038/265687a0},
  year  = {1977},
  month = {feb},
  publisher = {Nature Publishing Group},
  volume = {265},
  number = {5596},
  pages = {687--695},
  author = {F. Sanger and G. M. Air and B. G. Barrell and N. L. Brown and A. R. Coulson and J. C. Fiddes and C. A. Hutchison and P. M. Slocombe and M. Smith},
  title = {Nucleotide sequence of bacteriophage $\phi$X174 {DNA}},
  journal = {Nature}
}

@article{watsoncrick,
title = {Molecular Structure of Nucleic Acids: A Structure for Deoxyribose Nucleic Acid},
author = {Watson, J. D.; Crick, F. H. C.},
journal={Nature},
volume={171},
number={4356},
pages={737-738},
year={1953},
}

@article{Prober1987,
  doi = {10.1126/science.2443975},
  url = {http://dx.doi.org/10.1126/science.2443975},
  year  = {1987},
  month = {oct},
  publisher = {American Association for the Advancement of Science ({AAAS})},
  volume = {238},
  number = {4825},
  pages = {336--341},
  author = {J. Prober and G. Trainor and R. Dam and F. Hobbs and C. Robertson and R. Zagursky and A. Cocuzza and M. Jensen and K Baumeister},
  title = {A system for rapid {DNA} sequencing with fluorescent chain-terminating dideoxynucleotides},
  journal = {Science}
}

@article{Swerdlow1991,
  doi = {10.1021/ac00024a006},
  url = {http://dx.doi.org/10.1021/ac00024a006},
  year  = {1991},
  month = {dec},
  publisher = {American Chemical Society ({ACS})},
  volume = {63},
  number = {24},
  pages = {2835--2841},
  author = {Harold. Swerdlow and Jian Zhong. Zhang and Da Yong. Chen and Heather R. Harke and Ronda. Grey and Shaole. Wu and Norman J. Dovichi and Carl. Fuller},
  title = {Three {DNA} sequencing methods using capillary gel electrophoresis and laser-induced fluorescence},
  journal = {Anal. Chem.}
}

@article{Hunkapiller1991,
  doi = {10.1126/science.1925562},
  url = {http://dx.doi.org/10.1126/science.1925562},
  year  = {1991},
  month = {oct},
  publisher = {American Association for the Advancement of Science ({AAAS})},
  volume = {254},
  number = {5028},
  pages = {59--67},
  author = {T Hunkapiller and R. Kaiser and B. Koop and L Hood},
  title = {Large-scale and automated {DNA} sequence determination},
  journal = {Science}
}

@article{Staden1979,
  doi = {10.1093/nar/6.7.2601},
  url = {http://dx.doi.org/10.1093/nar/6.7.2601},
  year  = {1979},
  publisher = {Oxford University Press ({OUP})},
  volume = {6},
  number = {7},
  pages = {2601--2610},
  author = {R. Staden},
  title = {A strategy of {DNA} sequencing employing computer programs},
  journal = {Nucl Acids Res}
}



@article{CraigChinault1979,
  doi = {10.1016/0378-1119(79)90097-0},
  url = {http://dx.doi.org/10.1016/0378-1119(79)90097-0},
  year  = {1979},
  month = {feb},
  publisher = {Elsevier {BV}},
  volume = {5},
  number = {2},
  pages = {111--126},
  author = {A. Craig Chinault and John Carbon},
  title = {Overlap hybridization screening: Isolation and characterization of overlapping {DNA} fragments surrounding the leu2 gene on yeast chromosome {III}},
  journal = {Gene}
}

@article{Schuster2007,
  doi = {10.1038/nmeth1156},
  url = {http://dx.doi.org/10.1038/nmeth1156},
  year  = {2007},
  month = {dec},
  publisher = {Nature Publishing Group},
  volume = {5},
  number = {1},
  pages = {16--18},
  author = {Stephan C Schuster},
  title = {Next-generation sequencing transforms today{\textquotesingle}s biology},
  journal = {Nat Meth}
}

@article{Saiki1985,
  doi = {10.1126/science.2999980},
  url = {http://dx.doi.org/10.1126/science.2999980},
  year  = {1985},
  month = {dec},
  publisher = {American Association for the Advancement of Science ({AAAS})},
  volume = {230},
  number = {4732},
  pages = {1350--1354},
  author = {R. Saiki and S Scharf and F Faloona and K. Mullis and G. Horn and H. Erlich and N Arnheim},
  title = {Enzymatic amplification of beta-globin genomic sequences and restriction site analysis for diagnosis of sickle cell anemia},
  journal = {Science}
}

@article{Quail2012,
  doi = {10.1186/1471-2164-13-341},
  url = {http://dx.doi.org/10.1186/1471-2164-13-341},
  year  = {2012},
  publisher = {Springer Science $\mathplus$ Business Media},
  volume = {13},
  number = {1},
  pages = {341},
  author = {Michael Quail and Miriam E Smith and Paul Coupland and Thomas D Otto and Simon R Harris and Thomas R Connor and Anna Bertoni and Harold P Swerdlow and Yong Gu},
  title = {A tale of three next generation sequencing platforms: comparison of Ion torrent,  pacific biosciences and illumina {MiSeq} sequencers},
  journal = {{BMC} Genomics}
}


@article{Liu2012,
  doi = {10.1155/2012/251364},
  url = {http://dx.doi.org/10.1155/2012/251364},
  year  = {2012},
  publisher = {Hindawi Publishing Corporation},
  volume = {2012},
  pages = {1--11},
  author = {Lin Liu and Yinhu Li and Siliang Li and Ni Hu and Yimin He and Ray Pong and Danni Lin and Lihua Lu and Maggie Law},
  title = {Comparison of Next-Generation Sequencing Systems},
  journal = {Journal of Biomedicine and Biotechnology}
}

@article{DiVentra2013,
  doi = {10.1088/0957-4484/24/34/342501},
  url = {http://dx.doi.org/10.1088/0957-4484/24/34/342501},
  year  = {2013},
  month = {jul},
  publisher = {{IOP} Publishing},
  volume = {24},
  number = {34},
  pages = {342501},
  author = {Massimiliano Di Ventra},
  title = {Fast {DNA} sequencing by electrical means inches closer},
  journal = {Nanotechnology}
}
@article{Zhang2003,
  doi = {10.1093/bioinformatics/19.1.14},
  url = {http://dx.doi.org/10.1093/bioinformatics/19.1.14},
  year  = {2003},
  month = {jan},
  publisher = {Oxford University Press ({OUP})},
  volume = {19},
  number = {1},
  pages = {14--21},
  author = {J.-H. Zhang and L.-Y. Wu and X.-S. Zhang},
  title = {Reconstruction of {DNA} sequencing by hybridization},
  journal = {Bioinformatics}
}



@article{Brenner2000,
  doi = {10.1038/76469},
  url = {http://dx.doi.org/10.1038/76469},
  year  = {2000},
  month = {jun},
  publisher = {Nature Publishing Group},
  volume = {18},
  number = {6},
  pages = {630--634},
  author = {Sydney Brenner and Maria Johnson and John Bridgham and George Golda and David H. Lloyd and Davida Johnson and Shujun Luo and Sarah McCurdy and Michael Foy and Mark Ewan and Rithy Roth and Dave George and Sam Eletr and Glenn Albrecht and Eric Vermaas and Steven R. Williams and Keith Moon and Timothy Burcham and Michael Pallas and Robert B. DuBridge and James Kirchner and Karen Fearon and Jen-i Mao and Kevin Corcoran},
  title = {Gene expression analysis by massively parallel signature sequencing ({MPSS}) on microbead arrays},
  journal = {Nat Biotechnol}
}

@article{Chen2010,
  doi = {10.1039/b921417h},
  url = {http://dx.doi.org/10.1039/b921417h},
  year  = {2010},
  publisher = {Royal Society of Chemistry ({RSC})},
  volume = {10},
  number = {9},
  pages = {1153},
  author = {Ying-Ja Chen and Eric E. Roller and Xiaohua Huang},
  title = {{DNA} sequencing by denaturation: experimental proof of concept with an integrated fluidic device},
  journal = {Lab on a Chip}
}

@article{Ohshiro2012,
  doi = {10.1038/srep00501},
  url = {http://dx.doi.org/10.1038/srep00501},
  year  = {2012},
  month = {jul},
  publisher = {Nature Publishing Group},
  volume = {2},
  author = {Takahito Ohshiro and Kazuki Matsubara and Makusu Tsutsui and Masayuki Furuhashi and Masateru Taniguchi and Tomoji Kawai},
  title = {Single-Molecule Electrical Random Resequencing of {DNA} and {RNA}},
  journal = {Scientific Reports}
}

@article{Edwards2005,
  doi = {10.1016/j.mrfmmm.2004.07.021},
  url = {http://dx.doi.org/10.1016/j.mrfmmm.2004.07.021},
  year  = {2005},
  month = {jun},
  publisher = {Elsevier {BV}},
  volume = {573},
  number = {1-2},
  pages = {3--12},
  author = {John R. Edwards and Hameer Ruparel and Jingyue Ju},
  title = {Mass-spectrometry {DNA} sequencing},
  journal = {Mutation Research/Fundamental and Molecular Mechanisms of Mutagenesis}
}

@article{Bell2012,
  doi = {10.1017/s1431927612012615},
  url = {http://dx.doi.org/10.1017/S1431927612012615},
  year  = {2012},
  month = {oct},
  publisher = {Cambridge University Press ({CUP})},
  volume = {18},
  number = {05},
  pages = {1049--1053},
  author = {David C. Bell and W. Kelley Thomas and Katelyn M. Murtagh and Cheryl A. Dionne and Adam C. Graham and Jobriah E. Anderson and William R. Glover},
  title = {{DNA} Base Identification by Electron Microscopy},
  journal = {Microsc Microanal}
}

@article{Pareek2011,
  doi = {10.1007/s13353-011-0057-x},
  url = {http://dx.doi.org/10.1007/s13353-011-0057-x},
  year  = {2011},
  month = {jun},
  publisher = {Springer Science $\mathplus$ Business Media},
  volume = {52},
  number = {4},
  pages = {413--435},
  author = {Chandra Shekhar Pareek and Rafal Smoczynski and Andrzej Tretyn},
  title = {Sequencing technologies and genome sequencing},
  journal = {J Appl Genetics}
}


@article{Williams2006,
  doi = {10.1038/nmeth896},
  url = {http://dx.doi.org/10.1038/nmeth896},
  year  = {2006},
  month = {jul},
  publisher = {Nature Publishing Group},
  volume = {3},
  number = {7},
  pages = {545--550},
  author = {Richard Williams and Sergio G Peisajovich and Oliver J Miller and Shlomo Magdassi and Dan S Tawfik and Andrew D Griffiths},
  title = {Amplification of complex gene libraries by emulsion {PCR}},
  journal = {Nat Meth}
}

@article{Ronaghi1996,
  doi = {10.1006/abio.1996.0432},
  url = {http://dx.doi.org/10.1006/abio.1996.0432},
  year  = {1996},
  month = {nov},
  publisher = {Elsevier {BV}},
  volume = {242},
  number = {1},
  pages = {84--89},
  author = {Mostafa Ronaghi and Samer Karamohamed and Bertil Pettersson and Mathias Uhl{\'{e}}n and P{\aa}l Nyr{\'{e}}n},
  title = {Real-Time {DNA} Sequencing Using Detection of Pyrophosphate Release},
  journal = {Analytical Biochemistry}
}

@misc{tsien1991dna,
  title={Dna sequencing},
  author={Tsien, R.Y. and Ross, P. and Fahnestock, M. and Johnston, A.J.},
  url={http://www.google.com/patents/WO1991006678A1?cl=en},
  year={1991},
  month=apr # "~27",
  publisher={Google Patents},
  note={WO Patent App. PCT/US1990/006,178}
}
@article{Margulies2005,
  doi = {10.1038/nature03959},
  url = {http://dx.doi.org/10.1038/nature03959},
  year  = {2005},
  month = {jul},
  publisher = {Nature Publishing Group},
  author = {Marcel Margulies and Michael Egholm et al},
  title = {Genome sequencing in microfabricated high-density picolitre reactors},
  journal = {Nature}
}

@misc{farinelli1998method,
  title={Method of nucleic acid amplification},
  author={Farinelli, L. and Kawashima, E. and Mayer, P.},
  url={http://www.google.com/patents/WO1998044151A1?cl=en},
  year={1998},
  month=oct # "~8",
  publisher={Google Patents},
  note={WO Patent App. PCT/GB1998/000,961}
}

@article{Bentley2008,
  doi = {10.1038/nature07517},
  url = {http://dx.doi.org/10.1038/nature07517},
  year  = {2008},
  month = {nov},
  publisher = {Nature Publishing Group},
  volume = {456},
  number = {7218},
  pages = {53--59},
  author = {David R. Bentley and Shankar Balasubramanian et al.},
  title = {Accurate whole human genome sequencing using reversible terminator chemistry},
  journal = {Nature}
}


@article{Shendure2005,
  doi = {10.1126/science.1117389},
  url = {http://dx.doi.org/10.1126/science.1117389},
  year  = {2005},
  month = {sep},
  publisher = {American Association for the Advancement of Science ({AAAS})},
  volume = {309},
  number = {5741},
  pages = {1728--1732},
  author = {J. Shendure},
  title = {Accurate Multiplex Polony Sequencing of an Evolved Bacterial Genome},
  journal = {Science}
}
@article{Huang2012,
  doi = {10.1186/1752-0509-6-s2-s10},
  url = {http://dx.doi.org/10.1186/1752-0509-6-S2-S10},
  year  = {2012},
  publisher = {Springer Science $\mathplus$ Business Media},
  volume = {6},
  number = {Suppl 2},
  pages = {S10},
  author = {Yu-Feng Huang and Sheng-Chung Chen and Yih-Shien Chiang and Tzu-Han Chen and Kuo-Ping Chiu},
  title = {Palindromic sequence impedes sequencing-by-ligation mechanism},
  journal = {{BMC} Syst Biol}
}


@article{Cloonan2008,
  doi = {10.1038/nmeth.1223},
  url = {http://dx.doi.org/10.1038/nmeth.1223},
  year  = {2008},
  month = {may},
  publisher = {Nature Publishing Group},
  volume = {5},
  number = {7},
  pages = {613--619},
  author = {Nicole Cloonan and Alistair R R Forrest et al.},
  title = {Stem cell transcriptome profiling via massive-scale {mRNA} sequencing},
  journal = {Nat Meth}
}
@misc{mckernan2007reagents,
  title={Reagents, methods, and libraries for bead-based squencing},
  author={Mckernan, K. and Blanchard, A. and Kotler, L. and Costa, G.},
  url={https://www.google.com/patents/WO2006084132A3?cl=en},
  year={2007},
  month=jul # "~5",
  publisher={Google Patents},
  note={WO Patent App. PCT/US2006/003,845}
}

@article{pmid20890904,
   Author="Thompson, J. F.  and Steinmann, K. E. ",
   Title="{{S}ingle molecule sequencing with a {H}eli{S}cope genetic analysis system}",
   Journal="Curr Protoc Mol Biol",
   Year="2010",
   Volume="Chapter 7",
   Pages="Unit7.10",
   Month="Oct"
}

@article{Porreca2010,
  doi = {10.1038/nbt0110-43},
  url = {http://dx.doi.org/10.1038/nbt0110-43},
  year  = {2010},
  month = {jan},
  publisher = {Nature Publishing Group},
  volume = {28},
  number = {1},
  pages = {43--44},
  author = {Gregory J Porreca},
  title = {Genome sequencing on nanoballs},
  journal = {Nat Biotechnol}
}

@article{Rusk2010,
  doi = {10.1038/nmeth.f.330},
  url = {http://dx.doi.org/10.1038/nmeth.f.330},
  year  = {2010},
  month = {dec},
  publisher = {Nature Publishing Group},
  volume = {8},
  number = {1},
  pages = {44--44},
  author = {Nicole Rusk},
  title = {Torrents of sequence},
  journal = {Nat Meth}
}
@article{Eid2009,
  doi = {10.1126/science.1162986},
  url = {http://dx.doi.org/10.1126/science.1162986},
  year  = {2009},
  month = {jan},
  publisher = {American Association for the Advancement of Science ({AAAS})},
  volume = {323},
  number = {5910},
  pages = {133--138},
  author = {J. Eid and A. Fehr and J. Gray and K. Luong et al.},
  title = {Real-Time {DNA} Sequencing from Single Polymerase Molecules},
  journal = {Science}
}
@article{Chin2013,
  doi = {10.1038/nmeth.2474},
  url = {http://dx.doi.org/10.1038/nmeth.2474},
  year  = {2013},
  month = {may},
  publisher = {Nature Publishing Group},
  volume = {10},
  number = {6},
  pages = {563--569},
  author = {Chen-Shan Chin and David H Alexander and Patrick Marks and Aaron A Klammer and James Drake and Cheryl Heiner and Alicia Clum and Alex Copeland and John Huddleston and Evan E Eichler and Stephen W Turner and Jonas Korlach},
  title = {Nonhybrid,  finished microbial genome assemblies from long-read {SMRT} sequencing data},
  journal = {Nat Meth}
}

@article{Howard2013,
  doi = {10.1016/j.fsigen.2011.05.009},
  url = {http://dx.doi.org/10.1016/j.fsigen.2011.05.009},
  year  = {2013},
  month = {jan},
  publisher = {Elsevier {BV}},
  volume = {7},
  number = {1},
  pages = {1--9},
  author = {Rebecca Howard and Vesela Encheva and Jim Thomson  et al.},
  title = {Comparative analysis of human mitochondrial {DNA} from World War I bone samples by {DNA} sequencing and {ESI}-{TOF} mass spectrometry},
  journal = {Forensic Science International: Genetics}
}

@article{Acinas2005,
  doi = {10.1128/aem.71.12.8966-8969.2005},
  url = {http://dx.doi.org/10.1128/AEM.71.12.8966-8969.2005},
  year  = {2005},
  month = {dec},
  publisher = {American Society for Microbiology},
  volume = {71},
  number = {12},
  pages = {8966--8969},
  author = {S. G. Acinas and R. Sarma-Rupavtarm and V. Klepac-Ceraj and M. F. Polz},
  title = {{PCR}-Induced Sequence Artifacts and Bias: Insights from Comparison of Two 16S {rRNA} Clone Libraries Constructed from the Same Sample},
  journal = {Applied and Environmental Microbiology}
}



@article{Mardis2006,
  doi = {10.1186/gb-2006-7-7-112},
  url = {http://dx.doi.org/10.1186/gb-2006-7-7-112},
  year  = {2006},
  publisher = {Springer Science $\mathplus$ Business Media},
  volume = {7},
  number = {7},
  pages = {112},
  author = {Elaine R Mardis},
  journal = {Genome Biol}
}

@article{Bezrukov1994,
  doi = {10.1038/370279a0},
  url = {http://dx.doi.org/10.1038/370279a0},
  year  = {1994},
  month = {jul},
  publisher = {Nature Publishing Group},
  volume = {370},
  number = {6487},
  pages = {279--281},
  author = {Sergey M. Bezrukov and Igor Vodyanoy and V. Adrian Parsegian},
  title = {Counting polymers moving through a single ion channel},
  journal = {Nature}
}

@article{Hall2010,
  doi = {10.1038/nnano.2010.237},
  url = {http://dx.doi.org/10.1038/nnano.2010.237},
  year  = {2010},
  month = {nov},
  publisher = {Nature Publishing Group},
  volume = {5},
  number = {12},
  pages = {874--877},
  author = {Adam R. Hall and Andrew Scott and Dvir Rotem and Kunal K. Mehta and Hagan Bayley and Cees Dekker},
  title = {Hybrid pore formation by directed insertion of $\alpha$-haemolysin into solid-state nanopores},
  journal = {Nature Nanotech}
}



@article{Chimerel2008,
  doi = {10.1007/s00249-008-0366-0},
  url = {http://dx.doi.org/10.1007/s00249-008-0366-0},
  year  = {2008},
  month = {aug},
  publisher = {Springer Science $\mathplus$ Business Media},
  volume = {38},
  number = {1},
  pages = {121--125},
  author = {Catalin Chimerel and Liviu Movileanu and Soroosh Pezeshki and Mathias Winterhalter and Ulrich Kleinekath\"{o}fer},
  title = {Transport at the nanoscale: temperature dependence of ion conductance},
  journal = {Eur Biophys J}
}


@article{Danelon2006,
  doi = {10.1529/biophysj.105.075192},
  url = {http://dx.doi.org/10.1529/biophysj.105.075192},
  year  = {2006},
  month = {mar},
  publisher = {Elsevier {BV}},
  volume = {90},
  number = {5},
  pages = {1617--1627},
  author = {Christophe Danelon and Ekaterina M. Nestorovich and Mathias Winterhalter and Matteo Ceccarelli and Sergey M. Bezrukov},
  title = {Interaction of Zwitterionic Penicillins with the {OmpF} Channel Facilitates Their Translocation},
  journal = {Biophysical Journal}
}

@article{Bhakdi01121991,
author = {Bhakdi, S and Tranum-Jensen, J}, 
title = {Alpha-toxin of Staphylococcus aureus.},
volume = {55}, 
number = {4}, 
pages = {733-751}, 
year = {1991}, 
abstract ={Alpha-toxin, the major cytotoxic agent elaborated by Staphylococcus aureus, was the first bacterial exotoxin to be identified as a pore former. The protein is secreted as a single-chain, water-soluble molecule of Mr 33,000. At low concentrations (less than 100 nM), the toxin binds to as yet unidentified, high-affinity acceptor sites that have been detected on a variety of cells including rabbit erythrocytes, human platelets, monocytes and endothelial cells. At high concentrations, the toxin additionally binds via nonspecific absorption to lipid bilayers; it can thus damage both cells lacking significant numbers of the acceptor and protein-free artificial lipid bilayers. Membrane damage occurs in both cases after membrane-bound toxin molecules collide via lateral diffusion to form ring-structured hexamers. The latter insert spontaneously into the lipid bilayer to form discrete transmembrane pores of effective diameter 1 to 2 nm. A hypothetical model is advanced in which the pore is lined by amphiphilic beta-sheets, one surface of which interacts with lipids whereas the other repels apolar membrane constitutents to force open an aqueous passage. The detrimental effects of alpha-toxin are due not only to the death of susceptible targets, but also to the presence of secondary cellular reactions that can be triggered via Ca2+ influx through the pores. Well-studied phenomena include the stimulation of arachidonic acid metabolism, triggering of granule exocytosis, and contractile dysfunction. Such processes cause profound long-range disturbances such as development of pulmonary edema and promotion of blood coagulation.(ABSTRACT TRUNCATED AT 250 WORDS)}, 
URL = {http://mmbr.asm.org/content/55/4/733.abstract}, 
eprint = {http://mmbr.asm.org/content/55/4/733.full.pdf+html}, 
journal = {Microbiological Reviews } 
}

@article{Howorka2001,
  doi = {10.1073/pnas.231434698},
  url = {http://dx.doi.org/10.1073/pnas.231434698},
  year  = {2001},
  month = {oct},
  publisher = {Proceedings of the National Academy of Sciences},
  volume = {98},
  number = {23},
  pages = {12996--13001},
  author = {S. Howorka and L. Movileanu and O. Braha and H. Bayley},
  title = {Kinetics of duplex formation for individual {DNA} strands within a single protein nanopore},
  journal = {Proceedings of the National Academy of Sciences}
}

@article{Movileanu2005,
  doi = {10.1529/biophysj.104.057406},
  url = {http://dx.doi.org/10.1529/biophysj.104.057406},
  year  = {2005},
  month = {aug},
  publisher = {Elsevier {BV}},
  volume = {89},
  number = {2},
  pages = {1030--1045},
  author = {Liviu Movileanu and Jason P. Schmittschmitt and J. Martin Scholtz and Hagan Bayley},
  title = {Interactions of Peptides with a Protein Pore},
  journal = {Biophysical Journal}
}

@article{Li2001,
  doi = {10.1038/35084037},
  url = {http://dx.doi.org/10.1038/35084037},
  year  = {2001},
  month = {jul},
  publisher = {Nature Publishing Group},
  volume = {412},
  number = {6843},
  pages = {166--169},
  author = {Jiali Li and Derek Stein and Ciaran McMullan and Daniel Branton and Michael J. Aziz and Jene A. Golovchenko},
  journal = {Nature}
}

@article{Wanunu2010,
  doi = {10.1038/nnano.2010.202},
  url = {http://dx.doi.org/10.1038/nnano.2010.202},
  year  = {2010},
  month = {oct},
  publisher = {Nature Publishing Group},
  volume = {5},
  number = {11},
  pages = {807--814},
  author = {Meni Wanunu and Tali Dadosh and Vishva Ray and Jingmin Jin and Larry McReynolds and Marija Drndi{\'{c}}},
  title = {Rapid electronic detection of probe-specific {microRNAs} using thin nanopore sensors},
  journal = {Nature Nanotech}
}