@PhdThesis{these,
title = {Simulation of Polymer Translocation},
author = {Henk Vocks},
school = {Utrecht Universiteit},
year = {2008},
OPTmonth = {jully},
}

@article{Kasianowicz1996,
  doi = {10.1073/pnas.93.24.13770},
  url = {http://dx.doi.org/10.1073/pnas.93.24.13770},
  year  = {1996},
  month = {nov},
  publisher = {Proceedings of the National Academy of Sciences},
  volume = {93},
  number = {24},
  pages = {13770--13773},
  author = {J. J. Kasianowicz and E. Brandin and D. Branton and D. W. Deamer},
  title = {Characterization of individual polynucleotide molecules using a membrane channel},
  journal = {Proceedings of the National Academy of Sciences}
}
  	
@article{milchev,
  author={Andrey Milchev},
  title={Single-polymer dynamics under constraints: scaling theory and computer experiment},
  journal={Journal of Physics: Condensed Matter},
  volume={23},
  number={10},
  pages={103101},
  url={http://stacks.iop.org/0953-8984/23/i=10/a=103101},
  year={2011}
}

@article{keyser,
author = {Ulrich F. Keyser}, 
title = {Controlling molecular transport through nanopores}, 
year = {2011}, 
volume = {Published online},
doi = {10.1098/rsif.2011.0222},  
url = {http://rsif.royalsocietypublishing.org/content/early/2011/06/22/rsif.2011.0222.abstract}, 
eprint = {http://rsif.royalsocietypublishing.org/content/early/2011/06/22/rsif.2011.0222.full.pdf+html}, 
journal = {Journal of The Royal Society Interface} 
}


@article{sung,
  volume = {77},
  journal = {Physical Review Letters},
  author = {Sung, W. and Park, P. J.},
  month = {Jul},
  url = {http://link.aps.org/doi/10.1103/PhysRevLett.77.783},
  doi = {10.1103/PhysRevLett.77.783},
  year = {1996},
  title = {Polymer Translocation through a Pore in a Membrane},
  issue = {4},
  publisher = {American Physical Society},
  pages = {783--786}
}

@article{storm,
author = {Storm, Arnold J. and Storm, Cornelis and Chen, Jianghua and Zandbergen, Henny and Joanny, Jean-François and Dekker, Cees},
title = {Fast DNA Translocation through a Solid-State Nanopore},
journal = {Nano Letters},
volume = {5},
number = {7},
pages = {1193-1197},
year = {2005},
doi = {10.1021/nl048030d},

URL = {http://pubs.acs.org/doi/abs/10.1021/nl048030d},
eprint = {http://pubs.acs.org/doi/pdf/10.1021/nl048030d}
}

@article{jchem,
author = {Margaret C. Linak and Richard Tourdot and Kevin D. Dorfman},
collaboration = {},
title = {Moving beyond Watson--Crick models of coarse grained DNA dynamics},
publisher = {AIP},
year = {2011},
journal = {The Journal of Chemical Physics},
volume = {135},
number = {20},
eid = {205102},
numpages = {12},
pages = {205102},
keywords = {bonds (chemical); DNA; molecular biophysics; molecular configurations},
url = {http://link.aip.org/link/?JCP/135/205102/1},
doi = {10.1063/1.3662137}
}

@article{ holesedge,
Author = {Bayley, Hagan},
Title = {{Nanotechnology: Holes with an edge}},
Journal = {{Nature}},
Year = {{2010}},
Volume = {{467}},
Number = {{7315}},
Pages = {{542}},
ISSN = {{0028-0836}},
Unique-ID = {{ISI:000282273100028}},
}

@article{graph,
author = {Schneider, Grégory F. and Kowalczyk, Stefan W. and Calado, Victor E. and Pandraud, Grégory and Zandbergen, Henny W. and Vandersypen, Lieven M. K. and Dekker, Cees},
title = {DNA Translocation through Graphene Nanopores},
journal = {Nano Letters},
volume = {10},
number = {8},
pages = {3163-3167},
year = {2010},
doi = {10.1021/nl102069z},

URL = {http://pubs.acs.org/doi/abs/10.1021/nl102069z},
eprint = {http://pubs.acs.org/doi/pdf/10.1021/nl102069z}
}

@article{doublebrin,
author = {Sathe, Chaitanya and Zou, Xueqing and Leburton, Jean-Pierre and Schulten, Klaus},
title = {Computational Investigation of DNA Detection Using Graphene Nanopores},
journal = {ACS Nano},
volume = {5},
number = {11},
pages = {8842-8851},
year = {2011},
doi = {10.1021/nn202989w},

URL = {http://pubs.acs.org/doi/abs/10.1021/nn202989w},
eprint = {http://pubs.acs.org/doi/pdf/10.1021/nn202989w}
}

@article{lammps,
title = "Fast Parallel Algorithms for Short-Range Molecular Dynamics",
journal = "Journal of Computational Physics",
volume = "117",
number = "1",
pages = "1 - 19",
year = "1995",
note = "",
issn = "0021-9991",
doi = "10.1006/jcph.1995.1039",
url = "http://www.sciencedirect.com/science/article/pii/S002199918571039X",
author = "Steve Plimpton"
}



@article{dnatrans,
author = {Novoselov, K. S. and Geim, A. K. and Morozov, S. V. and Jiang, D. and Zhang, Y. and Dubonos, S. V. and Grigorieva, I. V. and Firsov, A. A.}, 
title = {Electric Field Effect in Atomically Thin Carbon Films}, 
volume = {306}, 
number = {5696}, 
pages = {666-669}, 
year = {2004}, 
doi = {10.1126/science.1102896}, 
abstract ={We describe monocrystalline graphitic films, which are a few atoms thick but are nonetheless stable under ambient conditions, metallic, and of remarkably high quality. The films are found to be a two-dimensional semimetal with a tiny overlap between valence and conductance bands, and they exhibit a strong ambipolar electric field effect such that electrons and holes in concentrations up to 1013 per square centimeter and with room-temperature mobilities of ∼10,000 square centimeters per volt-second can be induced by applying gate voltage.}, 
URL = {http://www.sciencemag.org/content/306/5696/666.abstract}, 
eprint = {http://www.sciencemag.org/content/306/5696/666.full.pdf}, 
journal = {Science} 
}



@article{Prober1987,
  doi = {10.1126/science.2443975},
  url = {http://dx.doi.org/10.1126/science.2443975},
  year  = {1987},
  month = {oct},
  publisher = {American Association for the Advancement of Science ({AAAS})},
  volume = {238},
  number = {4825},
  pages = {336--341},
  author = {J. Prober and G. Trainor and R. Dam and F. Hobbs and C. Robertson and R. Zagursky and A. Cocuzza and M. Jensen and K Baumeister},
  title = {A system for rapid {DNA} sequencing with fluorescent chain-terminating dideoxynucleotides},
  journal = {Science}
}

@article{Swerdlow1991,
  doi = {10.1021/ac00024a006},
  url = {http://dx.doi.org/10.1021/ac00024a006},
  year  = {1991},
  month = {dec},
  publisher = {American Chemical Society ({ACS})},
  volume = {63},
  number = {24},
  pages = {2835--2841},
  author = {Harold. Swerdlow and Jian Zhong. Zhang and Da Yong. Chen and Heather R. Harke and Ronda. Grey and Shaole. Wu and Norman J. Dovichi and Carl. Fuller},
  title = {Three {DNA} sequencing methods using capillary gel electrophoresis and laser-induced fluorescence},
  journal = {Anal. Chem.}
}

@article{Hunkapiller1991,
  doi = {10.1126/science.1925562},
  url = {http://dx.doi.org/10.1126/science.1925562},
  year  = {1991},
  month = {oct},
  publisher = {American Association for the Advancement of Science ({AAAS})},
  volume = {254},
  number = {5028},
  pages = {59--67},
  author = {T Hunkapiller and R. Kaiser and B. Koop and L Hood},
  title = {Large-scale and automated {DNA} sequence determination},
  journal = {Science}
}

@article{Staden1979,
  doi = {10.1093/nar/6.7.2601},
  url = {http://dx.doi.org/10.1093/nar/6.7.2601},
  year  = {1979},
  publisher = {Oxford University Press ({OUP})},
  volume = {6},
  number = {7},
  pages = {2601--2610},
  author = {R. Staden},
  title = {A strategy of {DNA} sequencing employing computer programs},
  journal = {Nucl Acids Res}
}



@article{CraigChinault1979,
  doi = {10.1016/0378-1119(79)90097-0},
  url = {http://dx.doi.org/10.1016/0378-1119(79)90097-0},
  year  = {1979},
  month = {feb},
  publisher = {Elsevier {BV}},
  volume = {5},
  number = {2},
  pages = {111--126},
  author = {A. Craig Chinault and John Carbon},
  title = {Overlap hybridization screening: Isolation and characterization of overlapping {DNA} fragments surrounding the leu2 gene on yeast chromosome {III}},
  journal = {Gene}
}

@article{Schuster2007,
  doi = {10.1038/nmeth1156},
  url = {http://dx.doi.org/10.1038/nmeth1156},
  year  = {2007},
  month = {dec},
  publisher = {Nature Publishing Group},
  volume = {5},
  number = {1},
  pages = {16--18},
  author = {Stephan C Schuster},
  title = {Next-generation sequencing transforms today{\textquotesingle}s biology},
  journal = {Nat Meth}
}

@article{Saiki1985,
  doi = {10.1126/science.2999980},
  url = {http://dx.doi.org/10.1126/science.2999980},
  year  = {1985},
  month = {dec},
  publisher = {American Association for the Advancement of Science ({AAAS})},
  volume = {230},
  number = {4732},
  pages = {1350--1354},
  author = {R. Saiki and S Scharf and F Faloona and K. Mullis and G. Horn and H. Erlich and N Arnheim},
  title = {Enzymatic amplification of beta-globin genomic sequences and restriction site analysis for diagnosis of sickle cell anemia},
  journal = {Science}
}

@article{Quail2012,
  doi = {10.1186/1471-2164-13-341},
  url = {http://dx.doi.org/10.1186/1471-2164-13-341},
  year  = {2012},
  publisher = {Springer Science $\mathplus$ Business Media},
  volume = {13},
  number = {1},
  pages = {341},
  author = {Michael Quail and Miriam E Smith and Paul Coupland and Thomas D Otto and Simon R Harris and Thomas R Connor and Anna Bertoni and Harold P Swerdlow and Yong Gu},
  title = {A tale of three next generation sequencing platforms: comparison of Ion torrent,  pacific biosciences and illumina {MiSeq} sequencers},
  journal = {{BMC} Genomics}
}


@article{Liu2012,
  doi = {10.1155/2012/251364},
  url = {http://dx.doi.org/10.1155/2012/251364},
  year  = {2012},
  publisher = {Hindawi Publishing Corporation},
  volume = {2012},
  pages = {1--11},
  author = {Lin Liu and Yinhu Li and Siliang Li and Ni Hu and Yimin He and Ray Pong and Danni Lin and Lihua Lu and Maggie Law},
  title = {Comparison of Next-Generation Sequencing Systems},
  journal = {Journal of Biomedicine and Biotechnology}
}

@article{DiVentra2013,
  doi = {10.1088/0957-4484/24/34/342501},
  url = {http://dx.doi.org/10.1088/0957-4484/24/34/342501},
  year  = {2013},
  month = {jul},
  publisher = {{IOP} Publishing},
  volume = {24},
  number = {34},
  pages = {342501},
  author = {Massimiliano Di Ventra},
  title = {Fast {DNA} sequencing by electrical means inches closer},
  journal = {Nanotechnology}
}
@article{Zhang2003,
  doi = {10.1093/bioinformatics/19.1.14},
  url = {http://dx.doi.org/10.1093/bioinformatics/19.1.14},
  year  = {2003},
  month = {jan},
  publisher = {Oxford University Press ({OUP})},
  volume = {19},
  number = {1},
  pages = {14--21},
  author = {J.-H. Zhang and L.-Y. Wu and X.-S. Zhang},
  title = {Reconstruction of {DNA} sequencing by hybridization},
  journal = {Bioinformatics}
}



@article{Brenner2000,
  doi = {10.1038/76469},
  url = {http://dx.doi.org/10.1038/76469},
  year  = {2000},
  month = {jun},
  publisher = {Nature Publishing Group},
  volume = {18},
  number = {6},
  pages = {630--634},
  author = {Sydney Brenner and Maria Johnson and John Bridgham and George Golda and David H. Lloyd and Davida Johnson and Shujun Luo and Sarah McCurdy and Michael Foy and Mark Ewan and Rithy Roth and Dave George and Sam Eletr and Glenn Albrecht and Eric Vermaas and Steven R. Williams and Keith Moon and Timothy Burcham and Michael Pallas and Robert B. DuBridge and James Kirchner and Karen Fearon and Jen-i Mao and Kevin Corcoran},
  title = {Gene expression analysis by massively parallel signature sequencing ({MPSS}) on microbead arrays},
  journal = {Nat Biotechnol}
}

@article{Chen2010,
  doi = {10.1039/b921417h},
  url = {http://dx.doi.org/10.1039/b921417h},
  year  = {2010},
  publisher = {Royal Society of Chemistry ({RSC})},
  volume = {10},
  number = {9},
  pages = {1153},
  author = {Ying-Ja Chen and Eric E. Roller and Xiaohua Huang},
  title = {{DNA} sequencing by denaturation: experimental proof of concept with an integrated fluidic device},
  journal = {Lab on a Chip}
}

@article{Ohshiro2012,
  doi = {10.1038/srep00501},
  url = {http://dx.doi.org/10.1038/srep00501},
  year  = {2012},
  month = {jul},
  publisher = {Nature Publishing Group},
  volume = {2},
  author = {Takahito Ohshiro and Kazuki Matsubara and Makusu Tsutsui and Masayuki Furuhashi and Masateru Taniguchi and Tomoji Kawai},
  title = {Single-Molecule Electrical Random Resequencing of {DNA} and {RNA}},
  journal = {Scientific Reports}
}

@article{Edwards2005,
  doi = {10.1016/j.mrfmmm.2004.07.021},
  url = {http://dx.doi.org/10.1016/j.mrfmmm.2004.07.021},
  year  = {2005},
  month = {jun},
  publisher = {Elsevier {BV}},
  volume = {573},
  number = {1-2},
  pages = {3--12},
  author = {John R. Edwards and Hameer Ruparel and Jingyue Ju},
  title = {Mass-spectrometry {DNA} sequencing},
  journal = {Mutation Research/Fundamental and Molecular Mechanisms of Mutagenesis}
}

@article{Bell2012,
  doi = {10.1017/s1431927612012615},
  url = {http://dx.doi.org/10.1017/S1431927612012615},
  year  = {2012},
  month = {oct},
  publisher = {Cambridge University Press ({CUP})},
  volume = {18},
  number = {05},
  pages = {1049--1053},
  author = {David C. Bell and W. Kelley Thomas and Katelyn M. Murtagh and Cheryl A. Dionne and Adam C. Graham and Jobriah E. Anderson and William R. Glover},
  title = {{DNA} Base Identification by Electron Microscopy},
  journal = {Microsc Microanal}
}

@article{Pareek2011,
  doi = {10.1007/s13353-011-0057-x},
  url = {http://dx.doi.org/10.1007/s13353-011-0057-x},
  year  = {2011},
  month = {jun},
  publisher = {Springer Science $\mathplus$ Business Media},
  volume = {52},
  number = {4},
  pages = {413--435},
  author = {Chandra Shekhar Pareek and Rafal Smoczynski and Andrzej Tretyn},
  title = {Sequencing technologies and genome sequencing},
  journal = {J Appl Genetics}
}


@article{Williams2006,
  doi = {10.1038/nmeth896},
  url = {http://dx.doi.org/10.1038/nmeth896},
  year  = {2006},
  month = {jul},
  publisher = {Nature Publishing Group},
  volume = {3},
  number = {7},
  pages = {545--550},
  author = {Richard Williams and Sergio G Peisajovich and Oliver J Miller and Shlomo Magdassi and Dan S Tawfik and Andrew D Griffiths},
  title = {Amplification of complex gene libraries by emulsion {PCR}},
  journal = {Nat Meth}
}

@article{Ronaghi1996,
  doi = {10.1006/abio.1996.0432},
  url = {http://dx.doi.org/10.1006/abio.1996.0432},
  year  = {1996},
  month = {nov},
  publisher = {Elsevier {BV}},
  volume = {242},
  number = {1},
  pages = {84--89},
  author = {Mostafa Ronaghi and Samer Karamohamed and Bertil Pettersson and Mathias Uhl{\'{e}}n and P{\aa}l Nyr{\'{e}}n},
  title = {Real-Time {DNA} Sequencing Using Detection of Pyrophosphate Release},
  journal = {Analytical Biochemistry}
}

@misc{tsien1991dna,
  title={Dna sequencing},
  author={Tsien, R.Y. and Ross, P. and Fahnestock, M. and Johnston, A.J.},
  url={http://www.google.com/patents/WO1991006678A1?cl=en},
  year={1991},
  month=apr # "~27",
  publisher={Google Patents},
  note={WO Patent App. PCT/US1990/006,178}
}
@article{Margulies2005,
  doi = {10.1038/nature03959},
  url = {http://dx.doi.org/10.1038/nature03959},
  year  = {2005},
  month = {jul},
  publisher = {Nature Publishing Group},
  author = {Marcel Margulies and Michael Egholm et al},
  title = {Genome sequencing in microfabricated high-density picolitre reactors},
  journal = {Nature}
}

@misc{farinelli1998method,
  title={Method of nucleic acid amplification},
  author={Farinelli, L. and Kawashima, E. and Mayer, P.},
  url={http://www.google.com/patents/WO1998044151A1?cl=en},
  year={1998},
  month=oct # "~8",
  publisher={Google Patents},
  note={WO Patent App. PCT/GB1998/000,961}
}

@article{Bentley2008,
  doi = {10.1038/nature07517},
  url = {http://dx.doi.org/10.1038/nature07517},
  year  = {2008},
  month = {nov},
  publisher = {Nature Publishing Group},
  volume = {456},
  number = {7218},
  pages = {53--59},
  author = {David R. Bentley and Shankar Balasubramanian et al.},
  title = {Accurate whole human genome sequencing using reversible terminator chemistry},
  journal = {Nature}
}


@article{Shendure2005,
  doi = {10.1126/science.1117389},
  url = {http://dx.doi.org/10.1126/science.1117389},
  year  = {2005},
  month = {sep},
  publisher = {American Association for the Advancement of Science ({AAAS})},
  volume = {309},
  number = {5741},
  pages = {1728--1732},
  author = {J. Shendure},
  title = {Accurate Multiplex Polony Sequencing of an Evolved Bacterial Genome},
  journal = {Science}
}
@article{Huang2012,
  doi = {10.1186/1752-0509-6-s2-s10},
  url = {http://dx.doi.org/10.1186/1752-0509-6-S2-S10},
  year  = {2012},
  publisher = {Springer Science $\mathplus$ Business Media},
  volume = {6},
  number = {Suppl 2},
  pages = {S10},
  author = {Yu-Feng Huang and Sheng-Chung Chen and Yih-Shien Chiang and Tzu-Han Chen and Kuo-Ping Chiu},
  title = {Palindromic sequence impedes sequencing-by-ligation mechanism},
  journal = {{BMC} Syst Biol}
}


@article{Cloonan2008,
  doi = {10.1038/nmeth.1223},
  url = {http://dx.doi.org/10.1038/nmeth.1223},
  year  = {2008},
  month = {may},
  publisher = {Nature Publishing Group},
  volume = {5},
  number = {7},
  pages = {613--619},
  author = {Nicole Cloonan and Alistair R R Forrest et al.},
  title = {Stem cell transcriptome profiling via massive-scale {mRNA} sequencing},
  journal = {Nat Meth}
}
@misc{mckernan2007reagents,
  title={Reagents, methods, and libraries for bead-based squencing},
  author={Mckernan, K. and Blanchard, A. and Kotler, L. and Costa, G.},
  url={https://www.google.com/patents/WO2006084132A3?cl=en},
  year={2007},
  month=jul # "~5",
  publisher={Google Patents},
  note={WO Patent App. PCT/US2006/003,845}
}

@article{pmid20890904,
   Author="Thompson, J. F.  and Steinmann, K. E. ",
   Title="{{S}ingle molecule sequencing with a {H}eli{S}cope genetic analysis system}",
   Journal="Curr Protoc Mol Biol",
   Year="2010",
   Volume="Chapter 7",
   Pages="Unit7.10",
   Month="Oct"
}

@article{Porreca2010,
  doi = {10.1038/nbt0110-43},
  url = {http://dx.doi.org/10.1038/nbt0110-43},
  year  = {2010},
  month = {jan},
  publisher = {Nature Publishing Group},
  volume = {28},
  number = {1},
  pages = {43--44},
  author = {Gregory J Porreca},
  title = {Genome sequencing on nanoballs},
  journal = {Nat Biotechnol}
}

@article{Rusk2010,
  doi = {10.1038/nmeth.f.330},
  url = {http://dx.doi.org/10.1038/nmeth.f.330},
  year  = {2010},
  month = {dec},
  publisher = {Nature Publishing Group},
  volume = {8},
  number = {1},
  pages = {44--44},
  author = {Nicole Rusk},
  title = {Torrents of sequence},
  journal = {Nat Meth}
}
@article{Eid2009,
  doi = {10.1126/science.1162986},
  url = {http://dx.doi.org/10.1126/science.1162986},
  year  = {2009},
  month = {jan},
  publisher = {American Association for the Advancement of Science ({AAAS})},
  volume = {323},
  number = {5910},
  pages = {133--138},
  author = {J. Eid and A. Fehr and J. Gray and K. Luong et al.},
  title = {Real-Time {DNA} Sequencing from Single Polymerase Molecules},
  journal = {Science}
}
@article{Chin2013,
  doi = {10.1038/nmeth.2474},
  url = {http://dx.doi.org/10.1038/nmeth.2474},
  year  = {2013},
  month = {may},
  publisher = {Nature Publishing Group},
  volume = {10},
  number = {6},
  pages = {563--569},
  author = {Chen-Shan Chin and David H Alexander and Patrick Marks and Aaron A Klammer and James Drake and Cheryl Heiner and Alicia Clum and Alex Copeland and John Huddleston and Evan E Eichler and Stephen W Turner and Jonas Korlach},
  title = {Nonhybrid,  finished microbial genome assemblies from long-read {SMRT} sequencing data},
  journal = {Nat Meth}
}

@article{Howard2013,
  doi = {10.1016/j.fsigen.2011.05.009},
  url = {http://dx.doi.org/10.1016/j.fsigen.2011.05.009},
  year  = {2013},
  month = {jan},
  publisher = {Elsevier {BV}},
  volume = {7},
  number = {1},
  pages = {1--9},
  author = {Rebecca Howard and Vesela Encheva and Jim Thomson  et al.},
  title = {Comparative analysis of human mitochondrial {DNA} from World War I bone samples by {DNA} sequencing and {ESI}-{TOF} mass spectrometry},
  journal = {Forensic Science International: Genetics}
}

@article{Acinas2005,
  doi = {10.1128/aem.71.12.8966-8969.2005},
  url = {http://dx.doi.org/10.1128/AEM.71.12.8966-8969.2005},
  year  = {2005},
  month = {dec},
  publisher = {American Society for Microbiology},
  volume = {71},
  number = {12},
  pages = {8966--8969},
  author = {S. G. Acinas and R. Sarma-Rupavtarm and V. Klepac-Ceraj and M. F. Polz},
  title = {{PCR}-Induced Sequence Artifacts and Bias: Insights from Comparison of Two 16S {rRNA} Clone Libraries Constructed from the Same Sample},
  journal = {Applied and Environmental Microbiology}
}



@article{Mardis2006,
  doi = {10.1186/gb-2006-7-7-112},
  url = {http://dx.doi.org/10.1186/gb-2006-7-7-112},
  year  = {2006},
  publisher = {Springer Science $\mathplus$ Business Media},
  volume = {7},
  number = {7},
  pages = {112},
  author = {Elaine R Mardis},
  title = {Anticipating the $ \$1,000 $ genome},
  journal = {Genome Biol}
}

@article{Bezrukov1994,
  doi = {10.1038/370279a0},
  url = {http://dx.doi.org/10.1038/370279a0},
  year  = {1994},
  month = {jul},
  publisher = {Nature Publishing Group},
  volume = {370},
  number = {6487},
  pages = {279--281},
  author = {Sergey M. Bezrukov and Igor Vodyanoy and V. Adrian Parsegian},
  title = {Counting polymers moving through a single ion channel},
  journal = {Nature}
}

@article{Hall2010,
  doi = {10.1038/nnano.2010.237},
  url = {http://dx.doi.org/10.1038/nnano.2010.237},
  year  = {2010},
  month = {nov},
  publisher = {Nature Publishing Group},
  volume = {5},
  number = {12},
  pages = {874--877},
  author = {Adam R. Hall and Andrew Scott and Dvir Rotem and Kunal K. Mehta and Hagan Bayley and Cees Dekker},
  title = {Hybrid pore formation by directed insertion of $\alpha$-haemolysin into solid-state nanopores},
  journal = {Nature Nanotech}
}



@article{Chimerel2008,
  doi = {10.1007/s00249-008-0366-0},
  url = {http://dx.doi.org/10.1007/s00249-008-0366-0},
  year  = {2008},
  month = {aug},
  publisher = {Springer Science + Business Media},
  volume = {38},
  number = {1},
  pages = {121--125},
  author = {Catalin Chimerel and Liviu Movileanu and Soroosh Pezeshki and Mathias Winterhalter and Ulrich Kleinekath\"{o}fer},
  title = {Transport at the nanoscale: temperature dependence of ion conductance},
  journal = {Eur Biophys J}
}


@article{Danelon2006,
  doi = {10.1529/biophysj.105.075192},
  url = {http://dx.doi.org/10.1529/biophysj.105.075192},
  year  = {2006},
  month = {mar},
  publisher = {Elsevier {BV}},
  volume = {90},
  number = {5},
  pages = {1617--1627},
  author = {Christophe Danelon and Ekaterina M. Nestorovich and Mathias Winterhalter and Matteo Ceccarelli and Sergey M. Bezrukov},
  title = {Interaction of Zwitterionic Penicillins with the {OmpF} Channel Facilitates Their Translocation},
  journal = {Biophysical Journal}
}

@article{Bhakdi01121991,
author = {Bhakdi, S and Tranum-Jensen, J}, 
title = {Alpha-toxin of Staphylococcus aureus.},
volume = {55}, 
number = {4}, 
pages = {733-751}, 
year = {1991}, 
abstract ={Alpha-toxin, the major cytotoxic agent elaborated by Staphylococcus aureus, was the first bacterial exotoxin to be identified as a pore former. The protein is secreted as a single-chain, water-soluble molecule of Mr 33,000. At low concentrations (less than 100 nM), the toxin binds to as yet unidentified, high-affinity acceptor sites that have been detected on a variety of cells including rabbit erythrocytes, human platelets, monocytes and endothelial cells. At high concentrations, the toxin additionally binds via nonspecific absorption to lipid bilayers; it can thus damage both cells lacking significant numbers of the acceptor and protein-free artificial lipid bilayers. Membrane damage occurs in both cases after membrane-bound toxin molecules collide via lateral diffusion to form ring-structured hexamers. The latter insert spontaneously into the lipid bilayer to form discrete transmembrane pores of effective diameter 1 to 2 nm. A hypothetical model is advanced in which the pore is lined by amphiphilic beta-sheets, one surface of which interacts with lipids whereas the other repels apolar membrane constitutents to force open an aqueous passage. The detrimental effects of alpha-toxin are due not only to the death of susceptible targets, but also to the presence of secondary cellular reactions that can be triggered via Ca2+ influx through the pores. Well-studied phenomena include the stimulation of arachidonic acid metabolism, triggering of granule exocytosis, and contractile dysfunction. Such processes cause profound long-range disturbances such as development of pulmonary edema and promotion of blood coagulation.(ABSTRACT TRUNCATED AT 250 WORDS)}, 
URL = {http://mmbr.asm.org/content/55/4/733.abstract}, 
eprint = {http://mmbr.asm.org/content/55/4/733.full.pdf+html}, 
journal = {Microbiological Reviews } 
}

@article{Howorka2001,
  doi = {10.1073/pnas.231434698},
  url = {http://dx.doi.org/10.1073/pnas.231434698},
  year  = {2001},
  month = {oct},
  publisher = {Proceedings of the National Academy of Sciences},
  volume = {98},
  number = {23},
  pages = {12996--13001},
  author = {S. Howorka and L. Movileanu and O. Braha and H. Bayley},
  title = {Kinetics of duplex formation for individual {DNA} strands within a single protein nanopore},
  journal = {Proceedings of the National Academy of Sciences}
}

@article{Movileanu2005,
  doi = {10.1529/biophysj.104.057406},
  url = {http://dx.doi.org/10.1529/biophysj.104.057406},
  year  = {2005},
  month = {aug},
  publisher = {Elsevier {BV}},
  volume = {89},
  number = {2},
  pages = {1030--1045},
  author = {Liviu Movileanu and Jason P. Schmittschmitt and J. Martin Scholtz and Hagan Bayley},
  title = {Interactions of Peptides with a Protein Pore},
  journal = {Biophysical Journal}
}

@article{Li2001,
  doi = {10.1038/35084037},
  url = {http://dx.doi.org/10.1038/35084037},
  year  = {2001},
  month = {jul},
  publisher = {Nature Publishing Group},
  volume = {412},
  number = {6843},
  pages = {166--169},
  author = {Jiali Li and Derek Stein and Ciaran McMullan and Daniel Branton and Michael J. Aziz and Jene A. Golovchenko},
  title = {Ion-beam sculpting at nanometre length scales},
  journal = {Nature}
}

@article{Wanunu2010,
  doi = {10.1038/nnano.2010.202},
  url = {http://dx.doi.org/10.1038/nnano.2010.202},
  year  = {2010},
  month = {oct},
  publisher = {Nature Publishing Group},
  volume = {5},
  number = {11},
  pages = {807--814},
  author = {Meni Wanunu and Tali Dadosh and Vishva Ray and Jingmin Jin and Larry McReynolds and Marija Drndi{\'{c}}},
  title = {Rapid electronic detection of probe-specific {microRNAs} using thin nanopore sensors},
  journal = {Nature Nanotech}
}

@article{Sanggaard2014,
  doi = {10.1038/ncomms4765},
  url = {http://dx.doi.org/10.1038/ncomms4765},
  year  = {2014},
  month = {may},
  publisher = {Nature Publishing Group},
  volume = {5},
  author = {Kristian W. Sanggaard  et al},
  title = {Spider genomes provide insight into composition and evolution of venom and silk},
  journal = {Nat Comms}
}
@article{Janda2007,
  doi = {10.1128/jcm.01228-07},
  url = {http://dx.doi.org/10.1128/JCM.01228-07},
  year  = {2007},
  month = {jul},
  publisher = {American Society for Microbiology},
  volume = {45},
  number = {9},
  pages = {2761--2764},
  author = {J. M. Janda and S. L. Abbott},
  title = {16S {rRNA} Gene Sequencing for Bacterial Identification in the Diagnostic Laboratory: Pluses,  Perils,  and Pitfalls},
  journal = {Journal of Clinical Microbiology}
}
@article{Saunders2012,
  doi = {10.1126/scitranslmed.3004041},
  url = {http://dx.doi.org/10.1126/scitranslmed.3004041},
  year  = {2012},
  month = {oct},
  publisher = {American Association for the Advancement of Science ({AAAS})},
  volume = {4},
  number = {154},
  pages = {154ra135--154ra135},
  author = {C. J. Saunders et al},
  title = {Rapid Whole-Genome Sequencing for Genetic Disease Diagnosis in Neonatal Intensive Care Units},
  journal = {Science Translational Medicine}
}

@Book{Neves2011,
  doi = {10.1007/978-1-61779-276-2_10},
  url = {http://dx.doi.org/10.1007/978-1-61779-276-2_10},
  year  = {2011},
  publisher = {Springer Science + Business Media},
  pages = {183--235},
  author = {Susana S. Neves and Laura L. Forrest},
  title = {Plant DNA Sequencing for Phylogenetic Analyses: From Plants to Sequences},
  booktitle = {Methods in Molecular Biology}
}

@article{Davies2010,
  doi = {10.1128/mmbr.00016-10},
  url = {http://dx.doi.org/10.1128/MMBR.00016-10},
  year  = {2010},
  month = {aug},
  publisher = {American Society for Microbiology},
  volume = {74},
  number = {3},
  pages = {417--433},
  author = {J. Davies and D. Davies},
  title = {Origins and Evolution of Antibiotic Resistance},
  journal = {Microbiology and Molecular Biology Reviews}
}

@article{Schneeberger2009,
  doi = {10.1038/nmeth0809-550},
  url = {http://dx.doi.org/10.1038/nmeth0809-550},
  year  = {2009},
  month = {aug},
  publisher = {Nature Publishing Group},
  volume = {6},
  number = {8},
  pages = {550--551},
  author = {Korbinian Schneeberger and Stephan Ossowski and Christa Lanz and Trine Juul and Annabeth H{\o}gh Petersen and K{\aa}re Lehmann Nielsen and Jan-Elo J{\o}rgensen and Detlef Weigel and Stig Uggerh{\o} Andersen},
  title = {{SHOREmap}: simultaneous mapping and mutation identification by deep sequencing},
  journal = {Nat Meth}
}

@article{Hamburg2010,
  doi = {10.1056/nejmp1006304},
  url = {http://dx.doi.org/10.1056/NEJMp1006304},
  year  = {2010},
  month = {jul},
  publisher = {New England Journal of Medicine ({NEJM}/{MMS})},
  volume = {363},
  number = {4},
  pages = {301--304},
  author = {Margaret A. Hamburg and Francis S. Collins},
  title = {The Path to Personalized Medicine},
  journal = {New England Journal of Medicine}
}

@article{Wilson1995,
  doi = {10.1007/bf01369907},
  url = {http://dx.doi.org/10.1007/BF01369907},
  year  = {1995},
  month = {mar},
  publisher = {Springer Science $\mathplus $ Business Media},
  volume = {108},
  number = {2},
  pages = {68--74},
  author = {Mark R. Wilson and Joseph A. DiZinno and Deborah Polanskey and Jeri Replogle and Bruce Budowle},
  title = {Validation of mitochondrial {DNA} sequencing for forensic casework analysis},
  journal = {International Journal of Legal Medicine}
}

@article{Sanger1975,
  doi = {10.1016/0022-2836(75)90213-2},
  url = {http://dx.doi.org/10.1016/0022-2836(75)90213-2},
  year  = {1975},
  month = {may},
  publisher = {Elsevier {BV}},
  volume = {94},
  number = {3},
  pages = {441--448},
  author = {F. Sanger and A.R. Coulson},
  title = {A rapid method for determining sequences in {DNA} by primed synthesis with {DNA} polymerase},
  journal = {Journal of Molecular Biology}
}

@article{Maxam1977,
  doi = {10.1073/pnas.74.2.560},
  url = {http://dx.doi.org/10.1073/pnas.74.2.560},
  year  = {1977},
  month = {feb},
  publisher = {Proceedings of the National Academy of Sciences},
  volume = {74},
  number = {2},
  pages = {560--564},
  author = {A. M. Maxam and W. Gilbert},
  title = {A new method for sequencing {DNA}.},
  journal = {Proceedings of the National Academy of Sciences}
}

@article{WU1972,
  doi = {10.1038/newbio236198a0},
  url = {http://dx.doi.org/10.1038/newbio236198a0},
  year  = {1972},
  month = {apr},
  publisher = {Nature Publishing Group},
  volume = {236},
  number = {68},
  pages = {198--200},
  author = {RAY WU},
  title = {Nucleotide Sequence Analysis of {DNA}},
  journal = {Nat New Biol}
}


@article{Sanger1977,
  doi = {10.1038/265687a0},
  url = {http://dx.doi.org/10.1038/265687a0},
  year  = {1977},
  month = {feb},
  publisher = {Nature Publishing Group},
  volume = {265},
  number = {5596},
  pages = {687--695},
  author = {F. Sanger and G. M. Air and B. G. Barrell and N. L. Brown and A. R. Coulson and J. C. Fiddes and C. A. Hutchison and P. M. Slocombe and M. Smith},
  title = {Nucleotide sequence of bacteriophage $\Phi$X174 {DNA}},
  journal = {Nature}
}

@article{Lander2001,
  doi = {10.1038/35057062},
  url = {http://dx.doi.org/10.1038/35057062},
  year  = {2001},
  month = {feb},
  publisher = {Nature Publishing Group},
  volume = {409},
  number = {6822},
  pages = {860--921},
  author = {Eric S. Lander et al.},
  title = {Initial sequencing and analysis of the human genome},
  journal = {Nature}
}

@article{Venter2001,
  doi = {10.1126/science.1058040},
  url = {http://dx.doi.org/10.1126/science.1058040},
  year  = {2001},
  month = {feb},
  publisher = {American Association for the Advancement of Science ({AAAS})},
  volume = {291},
  number = {5507},
  pages = {1304--1351},
  author = {J. C. Venter},
  title = {The Sequence of the Human Genome},
  journal = {Science}
}

@article{watsoncrick,
title = {Molecular Structure of Nucleic Acids: A Structure for Deoxyribose Nucleic Acid},
author = {J. D. Watson and F. H. C. Crick},
journal={Nature},
volume={171},
number={4356},
pages={737-738},
year={1953},
}

@misc{adnjpg,
author = {Sergei N. Smirnov},
title = {Thermodynamics of DNA Duplex Denaturing, date d'accès: 2015-06-12},
howpublished = {\url{http://web.nmsu.edu/~snsm/classes/chem435/Lab4/}},
}
 
}


@article{Ding2012,
  doi = {10.1038/nmeth.1925},
  url = {http://dx.doi.org/10.1038/nmeth.1925},
  year  = {2012},
  month = {mar},
  publisher = {Nature Publishing Group},
  volume = {9},
  number = {4},
  pages = {367--372},
  author = {Fangyuan Ding and Maria Manosas and Michelle M Spiering and Stephen J Benkovic and David Bensimon and Jean-Fran{\c{c}}ois Allemand and Vincent Croquette},
  title = {Single-molecule mechanical identification and sequencing},
  journal = {Nat Meth}
}

@article{Timp2010,
  doi = {10.1109/tnano.2010.2044418},
  url = {http://dx.doi.org/10.1109/TNANO.2010.2044418},
  year  = {2010},
  month = {may},
  publisher = {Institute of Electrical {\&} Electronics Engineers ({IEEE})},
  volume = {9},
  number = {3},
  pages = {281--294},
  author = {Winston Timp and Utkur M Mirsaidov and  Deqiang Wang and Jeff Comer and Aleksei Aksimentiev and Gregory Timp},
  title = {Nanopore Sequencing: Electrical Measurements of the Code of Life},
  journal = {{IEEE} Trans. Nanotechnology}
}

@article{Milchev2011,
  doi = {10.1088/0953-8984/23/10/103101},
  url = {http://dx.doi.org/10.1088/0953-8984/23/10/103101},
  year  = {2011},
  month = {feb},
  publisher = {{IOP} Publishing},
  volume = {23},
  number = {10},
  pages = {103101},
  author = {Andrey Milchev},
  title = {Single-polymer dynamics under constraints: scaling theory and computer experiment},
  journal = {Journal of Physics: Condensed Matter}
}

@article{Branton2008,
  doi = {10.1038/nbt.1495},
  url = {http://dx.doi.org/10.1038/nbt.1495},
  year  = {2008},
  month = {oct},
  publisher = {Nature Publishing Group},
  volume = {26},
  number = {10},
  pages = {1146--1153},
  author = {Daniel Branton and David W Deamer and Andre Marziali and Hagan Bayley and Steven A Benner and Thomas Butler and Massimiliano Di Ventra and Slaven Garaj and Andrew Hibbs and Xiaohua Huang and Stevan B Jovanovich and Predrag S Krstic and Stuart Lindsay and Xinsheng Sean Ling and Carlos H Mastrangelo and Amit Meller and John S Oliver and Yuriy V Pershin and J Michael Ramsey and Robert Riehn and Gautam V Soni and Vincent Tabard-Cossa and Meni Wanunu and Matthew Wiggin and Jeffery A Schloss},
  title = {The potential and challenges of nanopore sequencing},
  journal = {Nat Biotechnol}
}


@article{Akeson1999,
  doi = {10.1016/s0006-3495(99)77153-5},
  url = {http://dx.doi.org/10.1016/S0006-3495(99)77153-5},
  year  = {1999},
  month = {dec},
  publisher = {Elsevier {BV}},
  volume = {77},
  number = {6},
  pages = {3227--3233},
  author = {Mark Akeson and Daniel Branton and John J. Kasianowicz and Eric Brandin and David W. Deamer},
  title = {Microsecond Time-Scale Discrimination Among Polycytidylic Acid,  Polyadenylic Acid,  and Polyuridylic Acid as Homopolymers or as Segments Within Single {RNA} Molecules},
  journal = {Biophysical Journal}
}

@article{Meller2000,
  doi = {10.1073/pnas.97.3.1079},
  url = {http://dx.doi.org/10.1073/pnas.97.3.1079},
  year  = {2000},
  month = {feb},
  publisher = {Proceedings of the National Academy of Sciences},
  volume = {97},
  number = {3},
  pages = {1079--1084},
  author = {A. Meller and L. Nivon and E. Brandin and J. Golovchenko and D. Branton},
  title = {Rapid nanopore discrimination between single polynucleotide molecules},
  journal = {Proceedings of the National Academy of Sciences}
}


@article{Ashkenasy2005,
  doi = {10.1002/anie.200462114},
  url = {http://dx.doi.org/10.1002/anie.200462114},
  year  = {2005},
  month = {feb},
  publisher = {Wiley-Blackwell},
  volume = {44},
  number = {9},
  pages = {1401--1404},
  author = {Nurit Ashkenasy and Jorge Sánchez-Quesada and Hagan Bayley and M. Reza Ghadiri},
  title = {Recognizing a Single Base in an Individual {DNA} Strand: A Step Toward {DNA} Sequencing in Nanopores},
  journal = {Angew. Chem. Int. Ed.}
}

@article{Mirsaidov2010,
  doi = {10.1088/0957-4484/21/39/395501},
  url = {http://dx.doi.org/10.1088/0957-4484/21/39/395501},
  year  = {2010},
  month = {sep},
  publisher = {{IOP} Publishing},
  volume = {21},
  number = {39},
  pages = {395501},
  author = {Utkur Mirsaidov and Jeffrey Comer and Valentin Dimitrov and Aleksei Aksimentiev and Gregory Timp},
  title = {Slowing the translocation of double-stranded {DNA} using a nanopore smaller than the double helix},
  journal = {Nanotechnology}
}


@article{Aksimentiev2010,
  doi = {10.1039/b9nr00275h},
  url = {http://dx.doi.org/10.1039/B9NR00275H},
  year  = {2010},
  publisher = {Royal Society of Chemistry ({RSC})},
  volume = {2},
  number = {4},
  pages = {468},
  author = {Aleksei Aksimentiev},
  title = {Deciphering ionic current signatures of {DNA} transport through a nanopore},
  journal = {Nanoscale}
}


@article{Ramarao2013,
  doi = {10.3390/toxins5061119},
  url = {http://dx.doi.org/10.3390/toxins5061119},
  year  = {2013},
  month = {jun},
  publisher = {{MDPI} {AG}},
  volume = {5},
  number = {6},
  pages = {1119--1139},
  author = {Nalini Ramarao and Vincent Sanchis},
  title = {The Pore-Forming Haemolysins of Bacillus Cereus: A Review},
  journal = {Toxins}
}

@article{DeLosRios2006,
  doi = {10.1073/pnas.0510496103},
  url = {http://dx.doi.org/10.1073/pnas.0510496103},
  year  = {2006},
  month = {apr},
  publisher = {Proceedings of the National Academy of Sciences},
  volume = {103},
  number = {16},
  pages = {6166--6171},
  author = {P. De Los Rios and A. Ben-Zvi and O. Slutsky and A. Azem and P. Goloubinoff},
  title = {Hsp70 chaperones accelerate protein translocation and the unfolding of stable protein aggregates by entropic pulling},
  journal = {Proceedings of the National Academy of Sciences}
}


@article{Feng2015,
  doi = {10.1021/acs.nanolett.5b00768},
  url = {http://dx.doi.org/10.1021/acs.nanolett.5b00768},
  year  = {2015},
  month = {may},
  publisher = {American Chemical Society ({ACS})},
  volume = {15},
  number = {5},
  pages = {3431--3438},
  author = {J. Feng and K. Liu and M. Graf and M. Lihter and R. D. Bulushev and D. Dumcenco and D. T. L. Alexander and D. Krasnozhon and T. Vuletic and A. Kis and A. Radenovic},
  title = { Electrochemical Reaction in Single Layer {MoS} 2 : Nanopores Opened Atom by Atom },
  journal = {Nano Letters}
}

@article{Wirtz1995,
  doi = {10.1103/physrevlett.75.2436},
  url = {http://dx.doi.org/10.1103/PhysRevLett.75.2436},
  year  = {1995},
  month = {sep},
  publisher = {American Physical Society ({APS})},
  volume = {75},
  number = {12},
  pages = {2436--2439},
  author = {Denis Wirtz},
  title = {Direct Measurement of the Transport Properties of a Single {DNA} Molecule},
  journal = {Phys. Rev. Lett.}
}
@article{Smith1996,
  doi = {10.1021/ma951455p},
  url = {http://dx.doi.org/10.1021/ma951455p},
  year  = {1996},
  month = {jan},
  publisher = {American Chemical Society ({ACS})},
  volume = {29},
  number = {4},
  pages = {1372--1373},
  author = {Douglas E. Smith and Thomas T. Perkins and Steven Chu},
  title = {Dynamical Scaling of {DNA} Diffusion Coefficients},
  journal = {Macromolecules}
}

@misc{pcrjpg,
author = {Ecole Doctorale Sciences de la Vie et Santé ULP},
title = {La PCR, qu'est-ce que c'est ?, date d'accès: 2015-06-15},
howpublished = {\url{https://ed414-openlab.unistra.fr/les-tp/adn-et-genetique-2009-2012/pour-preparer-le-tp/la-pcr-quest-ce-que-cest/}},
}
 
}

@article{Shendure2008,
  doi = {10.1038/nbt1486},
  url = {http://dx.doi.org/10.1038/nbt1486},
  year  = {2008},
  month = {oct},
  publisher = {Nature Publishing Group},
  volume = {26},
  number = {10},
  pages = {1135--1145},
  author = {Jay Shendure and Hanlee Ji},
  title = {Next-generation {DNA} sequencing},
  journal = {Nat Biotechnol}
}

@misc{ngsprinciplejpg,
author = {Andy Vierstraete},
title = {Next Generation Sequencing for dummies, date d'accès: 2015-06-16},
howpublished = {\url{http://users.ugent.be/~avierstr/nextgen/Next_generation_sequencing_web.pdf}},
}
 
}
@article{Mikheyev2014,
  doi = {10.1111/1755-0998.12324},
  url = {http://dx.doi.org/10.1111/1755-0998.12324},
  year  = {2014},
  month = {sep},
  publisher = {Wiley-Blackwell},
  volume = {14},
  number = {6},
  pages = {1097--1102},
  author = {Alexander S. Mikheyev and Mandy M. Y. Tin},
  title = {A first look at the Oxford Nanopore {MinION} sequencer},
  journal = {Molecular Ecology Resources}
}

@techreport{Goodwin2015,
  doi = {10.1101/013490},
  url = {http://dx.doi.org/10.1101/013490},
  year  = {2015},
  month = {jan},
  publisher = {Cold Spring Harbor Laboratory Press},
  author = {Sara Goodwin and James Gurtowski and Scott Ethe-Sayers and Panchajanya Deshpande and Michael Schatz and W Richard McCombie},
  title = {Oxford Nanopore Sequencing and de novo Assembly of a Eukaryotic Genome}
}

@techreport{Urban2015,
  doi = {10.1101/019281},
  url = {http://dx.doi.org/10.1101/019281},
  year  = {2015},
  month = {may},
  publisher = {Cold Spring Harbor Laboratory Press},
  author = {John M Urban and Jacob Bliss and Charles E Lawrence and Susan A Gerbi},
  title = {Sequencing ultra-long {DNA} molecules with the Oxford Nanopore {MinION}}
}

@article{Meyer2007,
  doi = {10.1038/nature05545},
  url = {http://dx.doi.org/10.1038/nature05545},
  year  = {2007},
  month = {mar},
  publisher = {Nature Publishing Group},
  volume = {446},
  number = {7131},
  pages = {60--63},
  author = {Jannik C. Meyer and A. K. Geim and M. I. Katsnelson and K. S. Novoselov and T. J. Booth and S. Roth},
  title = {The structure of suspended graphene sheets},
  journal = {Nature}
}
@article{Vaidya1989,
  doi = {10.1007/bf02187718},
  url = {http://dx.doi.org/10.1007/BF02187718},
  year  = {1989},
  month = {dec},
  publisher = {Springer Science $\mathplus$ Business Media},
  volume = {4},
  number = {1},
  pages = {101--115},
  author = {Pravin M. Vaidya},
  title = {{An O}(n logn) algorithm for the all-nearest-neighbors Problem},
  journal = {Discrete {\&} Computational Geometry}
}

@article{Sakaue2012,
  doi = {10.1103/physreve.86.011804},
  url = {http://dx.doi.org/10.1103/PhysRevE.86.011804},
  year  = {2012},
  month = {jul},
  publisher = {American Physical Society ({APS})},
  volume = {86},
  number = {1},
  author = {Takahiro Sakaue and Takuya Saito and Hirofumi Wada},
  title = {Dragging a polymer in a viscous fluid: Steady state and transient},
  journal = {Physical Review E}
}

@misc{bloen,
author = {Bloen Metzger},
howpublished = {\url{http://iusti.polytech.univ-mrs.fr/~metzger/}},
}

@article{Ling2013,
  doi = {10.1088/0953-8984/25/37/375102},
  url = {http://dx.doi.org/10.1088/0953-8984/25/37/375102},
  year  = {2013},
  month = {aug},
  publisher = {{IOP} Publishing},
  volume = {25},
  number = {37},
  pages = {375102},
  author = {Daniel Y Ling and Xinsheng Sean Ling},
  title = {On the distribution of {DNA} translocation times in solid-state nanopores: an analysis using Schr\"{o}dinger's first-passage-time theory},
  journal = {Journal of Physics: Condensed Matter}
}

@article{Sung1996,
  doi = {10.1103/physrevlett.77.783},
  url = {http://dx.doi.org/10.1103/PhysRevLett.77.783},
  year  = {1996},
  month = {jul},
  publisher = {American Physical Society ({APS})},
  volume = {77},
  number = {4},
  pages = {783--786},
  author = {W. Sung and P. J. Park},
  title = {Polymer Translocation through a Pore in a Membrane},
  journal = {Phys. Rev. Lett.}
}
@article{Muthukumar1999,
  doi = {10.1063/1.480386},
  url = {http://dx.doi.org/10.1063/1.480386},
  year  = {1999},
  publisher = {{AIP} Publishing},
  volume = {111},
  number = {22},
  pages = {10371},
  author = {M. Muthukumar},
  title = {Polymer translocation through a hole},
  journal = {The Journal of Chemical Physics}
}
@article{Chuang2001,
  doi = {10.1103/physreve.65.011802},
  url = {http://dx.doi.org/10.1103/PhysRevE.65.011802},
  year  = {2001},
  month = {dec},
  publisher = {American Physical Society ({APS})},
  volume = {65},
  number = {1},
  author = {Jeffrey Chuang and Yacov Kantor and Mehran Kardar},
  title = {Anomalous dynamics of translocation},
  journal = {Physical Review E}
}
@article{Metzler2003,
  doi = {10.1016/s0006-3495(03)74699-2},
  url = {http://dx.doi.org/10.1016/S0006-3495(03)74699-2},
  year  = {2003},
  month = {oct},
  publisher = {Elsevier {BV}},
  volume = {85},
  number = {4},
  pages = {2776--2779},
  author = {Ralf Metzler and Joseph Klafter},
  title = {When Translocation Dynamics Becomes Anomalous},
  journal = {Biophysical Journal}
}
@article{Panja2010,
  doi = {10.1088/1742-5468/2010/02/l02001},
  url = {http://dx.doi.org/10.1088/1742-5468/2010/02/L02001},
  year  = {2010},
  month = {feb},
  publisher = {{IOP} Publishing},
  volume = {2010},
  number = {02},
  pages = {L02001},
  author = {Debabrata Panja},
  title = {Generalized Langevin equation formulation for anomalous polymer dynamics},
  journal = {J. Stat. Mech.}
}
@article{Panja22010,
  doi = {10.1063/1.3281641},
  url = {http://dx.doi.org/10.1063/1.3281641},
  year  = {2010},
  publisher = {{AIP} Publishing},
  volume = {132},
  number = {1},
  pages = {014902},
  author = {Debabrata Panja and Gerard T. Barkema},
  title = {Simulations of two-dimensional unbiased polymer translocation using the bond fluctuation model},
  journal = {The Journal of Chemical Physics}
}
@article{Kantor2004,
  doi = {10.1103/physreve.69.021806},
  url = {http://dx.doi.org/10.1103/PhysRevE.69.021806},
  year  = {2004},
  month = {feb},
  publisher = {American Physical Society ({APS})},
  volume = {69},
  number = {2},
  author = {Yacov Kantor and Mehran Kardar},
  title = {Anomalous dynamics of forced translocation},
  journal = {Physical Review E}
}
@article{Ikonen2012,
  doi = {10.1103/physreve.85.051803},
  url = {http://dx.doi.org/10.1103/PhysRevE.85.051803},
  year  = {2012},
  month = {may},
  publisher = {American Physical Society ({APS})},
  volume = {85},
  number = {5},
  author = {T. Ikonen and A. Bhattacharya and T. Ala-Nissila and W. Sung},
  title = {Unifying model of driven polymer translocation},
  journal = {Physical Review E}
}
@article{Huopaniemi2007,
  doi = {10.1103/physreve.75.061912},
  url = {http://dx.doi.org/10.1103/PhysRevE.75.061912},
  year  = {2007},
  month = {jun},
  publisher = {American Physical Society ({APS})},
  volume = {75},
  number = {6},
  author = {Ilkka Huopaniemi and Kaifu Luo and Tapio Ala-Nissila and See-Chen Ying},
  title = {Polymer translocation through a nanopore under a pulling force},
  journal = {Physical Review E}
}
@Book{jackson1999classical,
 author = {Jackson, John},
 title = {Classical electrodynamics},
 publisher = {Wiley},
 year = {1999},
 address = {New York},
 isbn = {978-0-471-30932-1}
 }
 @Book{kundu2008fluid,
 author = {Kundu, Pijush},
 title = {Fluid mechanics},
 publisher = {Academic Press},
 year = {2008},
 address = {Amsterdam Boston},
 isbn = {978-0-12-373735-9}
 }
 @Book{lipson2011optical,
 author = {Lipson, A},
 title = {Optical physics},
 publisher = {Cambridge University Press},
 year = {2011},
 address = {Cambridge New York},
 isbn = {978-0-521-49345-1}
 }
 @article{Huopaniemi2006,
  doi = {10.1063/1.2357118},
  url = {http://dx.doi.org/10.1063/1.2357118},
  year  = {2006},
  publisher = {{AIP} Publishing},
  volume = {125},
  number = {12},
  pages = {124901},
  author = {Ilkka Huopaniemi and Kaifu Luo and Tapio Ala-Nissila and See-Chen Ying},
  title = {Langevin dynamics simulations of polymer translocation through nanopores},
  journal = {The Journal of Chemical Physics}
}
@article{Luo2006,
  doi = {10.1063/1.2179792},
  url = {http://dx.doi.org/10.1063/1.2179792},
  year  = {2006},
  publisher = {{AIP} Publishing},
  volume = {124},
  number = {11},
  pages = {114704},
  author = {Kaifu Luo and Ilkka Huopaniemi and Tapio Ala-Nissila and See-Chen Ying},
  title = {Polymer translocation through a nanopore under an applied external field},
  journal = {The Journal of Chemical Physics}
}
@article{Luo2007,
  doi = {10.1063/1.2719198},
  url = {http://dx.doi.org/10.1063/1.2719198},
  year  = {2007},
  publisher = {{AIP} Publishing},
  volume = {126},
  number = {14},
  pages = {145101},
  author = {Kaifu Luo and Tapio Ala-Nissila and See-Chen Ying and Aniket Bhattacharya},
  title = {Heteropolymer translocation through nanopores},
  journal = {The Journal of Chemical Physics}
}
@article{Luo2009,
  doi = {10.1209/0295-5075/88/68006},
  url = {http://dx.doi.org/10.1209/0295-5075/88/68006},
  year  = {2009},
  month = {dec},
  publisher = {{IOP} Publishing},
  volume = {88},
  number = {6},
  pages = {68006},
  author = {K. Luo and T. Ala-Nissila and S.-C. Ying and R. Metzler},
  title = {Driven polymer translocation through nanopores: Slow-vs.-fast dynamics},
  journal = {{EPL} (Europhysics Letters)}
}
@article{Gauthier2008,
  doi = {10.1063/1.2826339},
  url = {http://dx.doi.org/10.1063/1.2826339},
  year  = {2008},
  publisher = {{AIP} Publishing},
  volume = {128},
  number = {6},
  pages = {065103},
  author = {Michel G. Gauthier and Gary W. Slater},
  title = {A Monte Carlo algorithm to study polymer translocation through nanopores. I. Theory and numerical approach},
  journal = {The Journal of Chemical Physics}
}
@article{2Ikonen2012,
  doi = {10.1063/1.4742188},
  url = {http://dx.doi.org/10.1063/1.4742188},
  year  = {2012},
  publisher = {{AIP} Publishing},
  volume = {137},
  number = {8},
  pages = {085101},
  author = {T. Ikonen and A. Bhattacharya and T. Ala-Nissila and W. Sung},
  title = {Influence of non-universal effects on dynamical scaling in driven polymer translocation},
  journal = {The Journal of Chemical Physics}
}
@article{Grosberg2006,
  doi = {10.1103/physrevlett.96.228105},
  url = {http://dx.doi.org/10.1103/PhysRevLett.96.228105},
  year  = {2006},
  month = {jun},
  publisher = {American Physical Society ({APS})},
  volume = {96},
  number = {22},
  author = {A. Yu. Grosberg and S. Nechaev and M. Tamm and O. Vasilyev},
  title = {How Long Does It Take to Pull an Ideal Polymer into a Small Hole?},
  journal = {Phys. Rev. Lett.}
}
@article{Bhattacharya2009,
  doi = {10.1140/epje/i2009-10495-5},
  url = {http://dx.doi.org/10.1140/epje/i2009-10495-5},
  year  = {2009},
  month = {aug},
  publisher = {Springer Science $\mathplus$ Business Media},
  volume = {29},
  number = {4},
  pages = {423--429},
  author = {A. Bhattacharya and W. H. Morrison and K. Luo and T. Ala-Nissila and S. -C. Ying and A. Milchev and K. Binder},
  title = {Scaling exponents of forced polymer translocation through a nanopore},
  journal = {The European Physical Journal E}
}
@article{Luo2008,
  doi = {10.1103/physreve.78.050901},
  url = {http://dx.doi.org/10.1103/PhysRevE.78.050901},
  year  = {2008},
  month = {nov},
  publisher = {American Physical Society ({APS})},
  volume = {78},
  number = {5},
  author = {Kaifu Luo and Santtu T. T. Ollila and Ilkka Huopaniemi and Tapio Ala-Nissila and Pawel Pomorski and Mikko Karttunen and See-Chen Ying and Aniket Bhattacharya},
  title = {Dynamical scaling exponents for polymer translocation through a nanopore},
  journal = {Physical Review E}
}
@article{Sakaue2007,
  doi = {10.1103/physreve.76.021803},
  url = {http://dx.doi.org/10.1103/PhysRevE.76.021803},
  year  = {2007},
  month = {aug},
  publisher = {American Physical Society ({APS})},
  volume = {76},
  number = {2},
  author = {Takahiro Sakaue},
  title = {Nonequilibrium dynamics of polymer translocation and straightening},
  journal = {Physical Review E}
}
@article{Metzler2000,
  doi = {10.1016/s0370-1573(00)00070-3},
  url = {http://dx.doi.org/10.1016/S0370-1573(00)00070-3},
  year  = {2000},
  month = {dec},
  publisher = {Elsevier {BV}},
  volume = {339},
  number = {1},
  pages = {1--77},
  author = {Ralf Metzler and Joseph Klafter},
  title = {The random walk{\textquotesingle}s guide to anomalous diffusion: a fractional dynamics approach},
  journal = {Physics Reports}
}
@article{Dubbeldam2007,
  doi = {10.1209/0295-5075/79/18002},
  url = {http://dx.doi.org/10.1209/0295-5075/79/18002},
  year  = {2007},
  month = {jun},
  publisher = {{IOP} Publishing},
  volume = {79},
  number = {1},
  pages = {18002},
  author = {J. L. A Dubbeldam and A Milchev and V. G Rostiashvili and T. A Vilgis},
  title = {Driven polymer translocation through a nanopore: A manifestation of anomalous diffusion},
  journal = {Europhysics Letters ({EPL})}
}
@article{Vocks2008,
  doi = {10.1088/0953-8984/20/9/095224},
  url = {http://dx.doi.org/10.1088/0953-8984/20/9/095224},
  year  = {2008},
  month = {feb},
  publisher = {{IOP} Publishing},
  volume = {20},
  number = {9},
  pages = {095224},
  author = {Henk Vocks and Debabrata Panja and Gerard T Barkema and Robin C Ball},
  title = {Pore-blockade times for field-driven polymer translocation},
  journal = {Journal of Physics: Condensed Matter}
}
@article{Saito2011,
  doi = {10.1140/epje/i2011-11135-3},
  url = {http://dx.doi.org/10.1140/epje/i2011-11135-3},
  year  = {2011},
  month = {dec},
  publisher = {Springer Science $\mathplus$ Business Media},
  volume = {34},
  number = {12},
  author = {T. Saito and T. Sakaue},
  title = {Dynamical diagram and scaling in polymer driven translocation},
  journal = {The European Physical Journal E}
}
@article{Saito2012,
  doi = {10.1103/physreve.85.061803},
  url = {http://dx.doi.org/10.1103/PhysRevE.85.061803},
  year  = {2012},
  month = {jun},
  publisher = {American Physical Society ({APS})},
  volume = {85},
  number = {6},
  author = {Takuya Saito and Takahiro Sakaue},
  title = {Process time distribution of driven polymer transport},
  journal = {Physical Review E}
}
@article{Sakaue2010,
  doi = {10.1103/physreve.81.041808},
  url = {http://dx.doi.org/10.1103/PhysRevE.81.041808},
  year  = {2010},
  month = {apr},
  publisher = {American Physical Society ({APS})},
  volume = {81},
  number = {4},
  author = {Takahiro Sakaue},
  title = {Sucking genes into pores: Insight into driven translocation},
  journal = {Physical Review E}
}
@article{Palyulin2014,
  doi = {10.1039/c4sm01819b},
  url = {http://dx.doi.org/10.1039/c4sm01819b},
  year  = {2014},
  publisher = {Royal Society of Chemistry ({RSC})},
  volume = {10},
  number = {45},
  pages = {9016--9037},
  author = {Vladimir V. Palyulin and Tapio Ala-Nissila and Ralf Metzler},
  title = {Polymer translocation: the first two decades and the recent diversification},
  journal = {Soft Matter}
}
@article{2Luo2006,
  doi = {10.1063/1.2161189},
  url = {http://dx.doi.org/10.1063/1.2161189},
  year  = {2006},
  publisher = {{AIP} Publishing},
  volume = {124},
  number = {3},
  pages = {034714},
  author = {Kaifu Luo and T. Ala-Nissila and See-Chen Ying},
  title = {Polymer translocation through a nanopore: A two-dimensional Monte Carlo study},
  journal = {The Journal of Chemical Physics}
}
@article{Chern2001,
  doi = {10.1063/1.1392367},
  url = {http://dx.doi.org/10.1063/1.1392367},
  year  = {2001},
  publisher = {{AIP} Publishing},
  volume = {115},
  number = {16},
  pages = {7772},
  author = {Shyh-Shi Chern and Alfredo E. C\'{a}rdenas and Rob D. Coalson},
  title = {Three-dimensional dynamic Monte Carlo simulations of driven polymer transport through a hole in a wall},
  journal = {The Journal of Chemical Physics}
}
@article{Lubensky1999,
  doi = {10.1016/s0006-3495(99)77027-x},
  url = {http://dx.doi.org/10.1016/S0006-3495(99)77027-X},
  year  = {1999},
  month = {oct},
  publisher = {Elsevier {BV}},
  volume = {77},
  number = {4},
  pages = {1824--1838},
  author = {David K. Lubensky and David R. Nelson},
  title = {Driven Polymer Translocation Through a Narrow Pore},
  journal = {Biophysical Journal}
}
@article{Meller2002,
  doi = {10.1002/1522-2683(200208)23:16<2583::aid-elps2583>3.0.co;2-h},
  url = {http://dx.doi.org/10.1002/1522-2683(200208)23:16<2583::AID-ELPS2583>3.0.CO;2-H},
  year  = {2002},
  month = {aug},
  publisher = {Wiley-Blackwell},
  volume = {23},
  number = {16},
  pages = {2583--2591},
  author = {Amit Meller and Daniel Branton},
  title = {Single molecule measurements of {DNA} transport through a nanopore},
  journal = {{ELECTROPHORESIS}}
}
@article{Tian2003,
  doi = {10.1063/1.1621614},
  url = {http://dx.doi.org/10.1063/1.1621614},
  year  = {2003},
  publisher = {{AIP} Publishing},
  volume = {119},
  number = {21},
  pages = {11475},
  author = {Pu Tian and Grant D. Smith},
  title = {Translocation of a polymer chain across a nanopore: A Brownian dynamics simulation study},
  journal = {The Journal of Chemical Physics}
}
@article{Milchev2004,
  doi = {10.1063/1.1785776},
  url = {http://dx.doi.org/10.1063/1.1785776},
  year  = {2004},
  publisher = {{AIP} Publishing},
  volume = {121},
  number = {12},
  pages = {6042},
  author = {Andrey Milchev and Kurt Binder and Aniket Bhattacharya},
  title = {Polymer translocation through a nanopore induced by adsorption: Monte Carlo simulation of a coarse-grained model},
  journal = {The Journal of Chemical Physics}
}
@article{Matsuyama2004,
  doi = {10.1063/1.1800933},
  url = {http://dx.doi.org/10.1063/1.1800933},
  year  = {2004},
  publisher = {{AIP} Publishing},
  volume = {121},
  number = {16},
  pages = {8098},
  author = {Akihiko Matsuyama},
  title = {Kinetics of polymer translocation through a pore},
  journal = {The Journal of Chemical Physics}
}
@article{Tsuchiya2007,
  doi = {10.1103/physreve.76.011801},
  url = {http://dx.doi.org/10.1103/PhysRevE.76.011801},
  year  = {2007},
  month = {jul},
  publisher = {American Physical Society ({APS})},
  volume = {76},
  number = {1},
  author = {Satoshi Tsuchiya and Akihiko Matsuyama},
  title = {Translocation and insertion of an amphiphilic polymer},
  journal = {Physical Review E}
}
@article{Fyta2008,
  doi = {10.1103/physreve.78.036704},
  url = {http://dx.doi.org/10.1103/PhysRevE.78.036704},
  year  = {2008},
  month = {sep},
  publisher = {American Physical Society ({APS})},
  volume = {78},
  number = {3},
  author = {Maria Fyta and Simone Melchionna and Sauro Succi and Efthimios Kaxiras},
  title = {Hydrodynamic correlations in the translocation of a biopolymer through a nanopore: Theory and multiscale simulations},
  journal = {Physical Review E}
}

@article{Dubbeldam2012,
  doi = {10.1103/physreve.85.041801},
  url = {http://dx.doi.org/10.1103/PhysRevE.85.041801},
  year  = {2012},
  month = {apr},
  publisher = {American Physical Society ({APS})},
  volume = {85},
  number = {4},
  author = {J. L. A. Dubbeldam and V. G. Rostiashvili and A. Milchev and T. A. Vilgis},
  title = {Forced translocation of a polymer: Dynamical scaling versus molecular dynamics simulation},
  journal = {Physical Review E}
}
@article{Henrickson2000,
  doi = {10.1103/physrevlett.85.3057},
  url = {http://dx.doi.org/10.1103/PhysRevLett.85.3057},
  year  = {2000},
  month = {oct},
  publisher = {American Physical Society ({APS})},
  volume = {85},
  number = {14},
  pages = {3057--3060},
  author = {Sarah E. Henrickson and Martin Misakian and Baldwin Robertson and John J. Kasianowicz},
  title = {Driven {DNA} Transport into an Asymmetric Nanometer-Scale Pore},
  journal = {Phys. Rev. Lett.}
}
@article{Storm2005,
  doi = {10.1021/nl048030d},
  url = {http://dx.doi.org/10.1021/nl048030d},
  year  = {2005},
  month = {jul},
  publisher = {American Chemical Society ({ACS})},
  volume = {5},
  number = {7},
  pages = {1193--1197},
  author = {Arnold J. Storm and Cornelis Storm and Jianghua Chen and Henny Zandbergen and Jean-François Joanny and Cees Dekker},
  title = {Fast {DNA} Translocation through a Solid-State Nanopore},
  journal = {Nano Letters}
}
@article{2Storm2005,
  doi = {10.1103/physreve.71.051903},
  url = {http://dx.doi.org/10.1103/PhysRevE.71.051903},
  year  = {2005},
  month = {may},
  publisher = {American Physical Society ({APS})},
  volume = {71},
  number = {5},
  author = {A. J. Storm and J. H. Chen and H. W. Zandbergen and C. Dekker},
  title = {Translocation of double-strand {DNA} through a silicon oxide nanopore},
  journal = {Physical Review E}
}
@article{Wanunu2008,
  doi = {10.1529/biophysj.108.140475},
  url = {http://dx.doi.org/10.1529/biophysj.108.140475},
  year  = {2008},
  month = {nov},
  publisher = {Elsevier {BV}},
  volume = {95},
  number = {10},
  pages = {4716--4725},
  author = {Meni Wanunu and Jason Sutin and Ben McNally and Andrew Chow and Amit Meller},
  title = {{DNA} Translocation Governed by Interactions with Solid-State Nanopores},
  journal = {Biophysical Journal}
}
@article{Ikonen2013,
  doi = {10.1209/0295-5075/103/38001},
  url = {http://dx.doi.org/10.1209/0295-5075/103/38001},
  year  = {2013},
  month = {aug},
  publisher = {{IOP} Publishing},
  volume = {103},
  number = {3},
  pages = {38001},
  author = {T. Ikonen and A. Bhattacharya and T. Ala-Nissila and W. Sung},
  title = {Influence of pore friction on the universal aspects of driven polymer translocation},
  journal = {{EPL}}
}
@BOOK{Flory195312, 
title={Principles of Polymer Chemistry (The George Fisher Baker Non-Resident Lectureship in Chemistry at Cornell University)},
author={Paul J. Flory},
publisher={Cornell University Press},
year={1953},
month={12},
edition={1},
isbn={9780801401343},
url={http://amazon.com/o/ASIN/0801401348/},
price={$99.95},
totalpages={688},
timestamp={2015.09.09},
}
@BOOK{Gennes197911, 
title={Scaling Concepts in Polymer Physics},
author={Pierre-Gilles de Gennes},
publisher={Cornell University Press},
year={1979},
month={11},
edition={1},
isbn={9780801412035},
url={http://amazon.com/o/ASIN/080141203X/},
price={$99.95},
totalpages={319},
timestamp={2015.09.09},
}
@BOOK{Doi199507, 
title={By Masao Doi - Introduction to Polymer Physics},
author={M. Doi},
publisher={Oxford University Press, USA},
year={1995},
month={7},
asin={B008UYYEQO},
url={http://amazon.com/o/ASIN/B008UYYEQO/},
timestamp={2015.09.09},
}
@article{Rouse1953,
  doi = {10.1063/1.1699180},
  url = {http://dx.doi.org/10.1063/1.1699180},
  year  = {1953},
  publisher = {{AIP} Publishing},
  volume = {21},
  number = {7},
  pages = {1272},
  author = {Prince E. Rouse},
  title = {A Theory of the Linear Viscoelastic Properties of Dilute Solutions of Coiling Polymers},
  journal = {The Journal of Chemical Physics}
}
@article{Lemons1997,
  doi = {10.1119/1.18725},
  url = {http://dx.doi.org/10.1119/1.18725},
  year  = {1997},
  publisher = {American Association of Physics Teachers ({AAPT})},
  volume = {65},
  number = {11},
  pages = {1079},
  author = {Paul Langevin, Don S. Lemons(translator)},
  title = {Paul Langevin's 1908 paper {\textquotedblleft}On the Theory of Brownian Motion{\textquotedblright} [{\textquotedblleft}Sur la th\'eorie du mouvement brownien, {\textquotedblright} C. R. Acad. Sci. (Paris) 146,  530{\textendash}533 (1908)]},
  journal = {Am. J. Phys.}
}
@article{Zimm1956,
  doi = {10.1063/1.1742462},
  url = {http://dx.doi.org/10.1063/1.1742462},
  year  = {1956},
  publisher = {{AIP} Publishing},
  volume = {24},
  number = {2},
  pages = {269},
  author = {Bruno H. Zimm},
  title = {Dynamics of Polymer Molecules in Dilute Solution: Viscoelasticity,  Flow Birefringence and Dielectric Loss},
  journal = {The Journal of Chemical Physics}
}
@article{Panja2008,
  doi = {10.1529/biophysj.107.116434},
  url = {http://dx.doi.org/10.1529/biophysj.107.116434},
  year  = {2008},
  month = {mar},
  publisher = {Elsevier {BV}},
  volume = {94},
  number = {5},
  pages = {1630--1637},
  author = {Debabrata Panja and Gerard T. Barkema},
  title = {Passage Times for Polymer Translocation Pulled through a Narrow Pore},
  journal = {Biophysical Journal}
}
@article{Ambjrnsson2005,
  doi = {10.1103/physreve.72.030901},
  url = {http://dx.doi.org/10.1103/PhysRevE.72.030901},
  year  = {2005},
  month = {sep},
  publisher = {American Physical Society ({APS})},
  volume = {72},
  number = {3},
  author = {Tobias Ambjörnsson and Ralf Metzler},
  title = {Coupled dynamics of DNA breathing and of proteins that selectively bind to single-stranded DNA},
  journal = {Physical Review E}
}
@article{2Ambjrnsson2005,
  doi = {10.1088/0953-8984/17/47/021},
  url = {http://dx.doi.org/10.1088/0953-8984/17/47/021},
  year  = {2005},
  month = {nov},
  publisher = {{IOP} Publishing},
  volume = {17},
  number = {47},
  pages = {S3945--S3964},
  author = {Tobias Ambjörnsson and Michael A Lomholt and Ralf Metzler},
  title = {Directed motion emerging from two coupled random processes: translocation of a chain through a membrane nanopore driven by binding proteins},
  journal = {Journal of Physics: Condensed Matter}
}
@article{Rowghanian2011,
  doi = {10.1021/jp204014r},
  url = {http://dx.doi.org/10.1021/jp204014r},
  year  = {2011},
  month = {dec},
  publisher = {American Chemical Society ({ACS})},
  volume = {115},
  number = {48},
  pages = {14127--14135},
  author = {Payam Rowghanian and Alexander Y. Grosberg},
  title = {Force-Driven Polymer Translocation through a Nanopore: An Old Problem Revisited},
  journal = {The Journal of Physical Chemistry B}
}
@article{Paturej2012,
  doi = {10.1021/ma202671n},
  url = {http://dx.doi.org/10.1021/ma202671n},
  year  = {2012},
  month = {may},
  publisher = {American Chemical Society ({ACS})},
  volume = {45},
  number = {10},
  pages = {4371--4380},
  author = {Jaroslaw Paturej and Andrey Milchev and Vakhtang G. Rostiashvili and Thomas A. Vilgis},
  title = {Polymer Detachment Kinetics from Adsorbing Surface: Theory,  Simulation and Similarity to Infiltration into Porous Medium},
  journal = {Macromolecules}
}
@article{Pincus1976,
  doi = {10.1021/ma60051a002},
  url = {http://dx.doi.org/10.1021/ma60051a002},
  year  = {1976},
  month = {may},
  publisher = {American Chemical Society ({ACS})},
  volume = {9},
  number = {3},
  pages = {386--388},
  author = {P. Pincus},
  title = {Excluded Volume Effects and Stretched Polymer Chains},
  journal = {Macromolecules}
}
@article{Jones1924,
  doi = {10.1098/rspa.1924.0082},
  url = {http://dx.doi.org/10.1098/rspa.1924.0082},
  year  = {1924},
  month = {oct},
  publisher = {The Royal Society},
  volume = {106},
  number = {738},
  pages = {463--477},
  author = {J. E. Jones},
  title = {On the Determination of Molecular Fields. {II}. From the Equation of State of a Gas},
  journal = {Proceedings of the Royal Society A: Mathematical,  Physical and Engineering Sciences}
}
@article{Bouanich1992,
  doi = {10.1016/0022-4073(92)90142-q},
  url = {http://dx.doi.org/10.1016/0022-4073(92)90142-Q},
  year  = {1992},
  month = {apr},
  publisher = {Elsevier {BV}},
  volume = {47},
  number = {4},
  pages = {243--250},
  author = {J.-P. Bouanich},
  title = {Site-site Lennard-Jones potential parameters for N2,  O2,  H2,  {CO} and {CO}2},
  journal = {Journal of Quantitative Spectroscopy and Radiative Transfer}
}
@misc{adncost,
author = {Wetterstrand KA},
title = {TDNA Sequencing Costs: Data from the NHGRI Genome Sequencing Program (GSP), date d'accès: 2015-09-23},
howpublished = {\url{www.genome.gov/sequencingcosts}},
}
}
@Book{serway2004physics,
 author = {Serway, Raymond},
 title = {Physics for scientists and engineers},
 publisher = {Thomson-Brooks/Cole},
 year = {2004},
 address = {Belmont, CA},
 isbn = {0-534-40842-7}
 }
 @article{Cohen2011,
  doi = {10.1103/physrevlett.107.238102},
  url = {http://dx.doi.org/10.1103/PhysRevLett.107.238102},
  year  = {2011},
  month = {nov},
  publisher = {American Physical Society ({APS})},
  volume = {107},
  number = {23},
  author = {Jack A. Cohen and Abhishek Chaudhuri and Ramin Golestanian},
  title = {Active Polymer Translocation through Flickering Pores},
  journal = {Phys. Rev. Lett.}
}

@article{Schneider2010,
  doi = {10.1021/nl102069z},
  url = {http://dx.doi.org/10.1021/nl102069z},
  year  = {2010},
  month = {aug},
  publisher = {American Chemical Society ({ACS})},
  volume = {10},
  number = {8},
  pages = {3163--3167},
  author = {Gre{\'}gory F. Schneider and Stefan W. Kowalczyk and Victor E. Calado and Gre{\'}gory Pandraud and Henny W. Zandbergen and Lieven M. K. Vandersypen and Cees Dekker},
  title = {{DNA} Translocation through Graphene Nanopores},
  journal = {Nano Letters}
}

@article{2Feng2015,
  doi = {10.1038/nnano.2015.219},
  url = {http://dx.doi.org/10.1038/NNANO.2015.219},
  year  = {2015},
  month = {sep},
  publisher = {Nature Publishing Group},
  author = {Jiandong Feng and Ke Liu and Roman D. Bulushev and Sergey Khlybov and Dumitru Dumcenco and Andras Kis and Aleksandra Radenovic},
  title = {Identification of single nucleotides in {MoS}2 nanopores},
  journal = {Nature Nanotech}
}
@misc{artpore,
  title={Artificial nanopore production could lead to early detection of disease, date d'accès: 2015-10-21},
  author={Samir Iqbal et al.},
  url={http://www.uta.edu/news/releases/2012/04/iqbal-nanopore-technology.php},
  year={2012},
 
}
@article{Jain2015,
  doi = {10.1038/nmeth.3290},
  url = {http://dx.doi.org/10.1038/nmeth.3290},
  year  = {2015},
  month = {feb},
  publisher = {Nature Publishing Group},
  volume = {12},
  number = {4},
  pages = {351--356},
  author = {Miten Jain and Ian T Fiddes and Karen H Miga and Hugh E Olsen and Benedict Paten and Mark Akeson},
  title = {Improved data analysis for the {MinION} nanopore sequencer},
  journal = {Nature Methods}
}
@misc{oxfordnanopore,
  title={Oxford Nanopore Technologies, date d'accès: 2015-10-21},
  url={https://www.nanoporetech.com/},
  year={2015},
 
}

@article{Peng2009,
  doi = {10.1088/0957-4484/20/18/185101},
  url = {http://dx.doi.org/10.1088/0957-4484/20/18/185101},
  year  = {2009},
  month = {apr},
  publisher = {{IOP} Publishing},
  volume = {20},
  number = {18},
  pages = {185101},
  author = {Hongbo Peng and Xinsheng Sean Ling},
  title = {Reverse {DNA} translocation through a solid-state nanopore by magnetic tweezers},
  journal = {Nanotechnology}
}

@article{Sischka2010,
  doi = {10.1088/0953-8984/22/45/454121},
  url = {http://dx.doi.org/10.1088/0953-8984/22/45/454121},
  year  = {2010},
  month = {oct},
  publisher = {{IOP} Publishing},
  volume = {22},
  number = {45},
  pages = {454121},
  author = {Andy Sischka and Andre Spiering and Maryam Khaksar and Miriam Laxa and Janine K\"{o}nig and Karl-Josef Dietz and Dario Anselmetti},
  title = {Dynamic translocation of ligand-complexed {DNA} through solid-state nanopores with optical tweezers},
  journal = {Journal of Physics: Condensed Matter}
}
@article{Mussi2010,
  doi = {10.1088/0957-4484/21/14/145102},
  url = {http://dx.doi.org/10.1088/0957-4484/21/14/145102},
  year  = {2010},
  month = {mar},
  publisher = {{IOP} Publishing},
  volume = {21},
  number = {14},
  pages = {145102},
  author = {V Mussi and P Fanzio and L Repetto and G Firpo and P Scaruffi and S Stigliani and G P Tonini and U Valbusa},
  title = {{DNA}-functionalized solid state nanopore for biosensing},
  journal = {Nanotechnology}
}
@article{Novoselov2004,
  doi = {10.1126/science.1102896},
  url = {http://dx.doi.org/10.1126/science.1102896},
  year  = {2004},
  month = {oct},
  publisher = {American Association for the Advancement of Science ({AAAS})},
  volume = {306},
  number = {5696},
  pages = {666--669},
  author = {K. S. Novoselov},
  title = {Electric Field Effect in Atomically Thin Carbon Films},
  journal = {Science}
}
@article{Kang2014,
  doi = {10.1038/ncomms6478},
  url = {http://dx.doi.org/10.1038/ncomms6478},
  year  = {2014},
  month = {nov},
  publisher = {Nature Publishing Group},
  volume = {5},
  pages = {5478},
  author = {Joohoon Kang and Jung-Woo T. Seo and Diego Alducin and Arturo Ponce and Miguel Jose Yacaman and Mark C. Hersam},
  title = {Thickness sorting of two-dimensional transition metal dichalcogenides via copolymer-assisted density gradient ultracentrifugation},
  journal = {Nature Communications}
}
@article{Benameur2011,
  doi = {10.1088/0957-4484/22/12/125706},
  url = {http://dx.doi.org/10.1088/0957-4484/22/12/125706},
  year  = {2011},
  month = {feb},
  publisher = {{IOP} Publishing},
  volume = {22},
  number = {12},
  pages = {125706},
  author = {M M Benameur and B Radisavljevic and J S H{\'{e}}ron and S Sahoo and H Berger and A Kis},
  title = {Visibility of dichalcogenide nanolayers},
  journal = {Nanotechnology}
}
@article{Farimani2014,
  doi = {10.1021/nn5029295},
  url = {http://dx.doi.org/10.1021/nn5029295},
  year  = {2014},
  month = {aug},
  publisher = {American Chemical Society ({ACS})},
  volume = {8},
  number = {8},
  pages = {7914--7922},
  author = {Amir Barati Farimani and Kyoungmin Min and Narayana R. Aluru},
  title = { {DNA} Base Detection Using a Single-Layer {MoS} 2 },
  journal = {{ACS} Nano}
}
@article{Roy2013,
  doi = {10.1038/nnano.2013.206},
  url = {http://dx.doi.org/10.1038/nnano.2013.206},
  year  = {2013},
  month = {oct},
  publisher = {Nature Publishing Group},
  volume = {8},
  number = {11},
  pages = {826--830},
  author = {Kallol Roy and Medini Padmanabhan and Srijit Goswami and T. Phanindra Sai and Gopalakrishnan Ramalingam and Srinivasan Raghavan and Arindam Ghosh},
  title = {Graphene{\textendash}{MoS}2 hybrid structures for multifunctional photoresponsive memory devices},
  journal = {Nature Nanotech}
}
@article{Sathe2011,
  doi = {10.1021/nn202989w},
  url = {http://dx.doi.org/10.1021/nn202989w},
  year  = {2011},
  month = {nov},
  publisher = {American Chemical Society ({ACS})},
  volume = {5},
  number = {11},
  pages = {8842--8851},
  author = {Chaitanya Sathe and Xueqing Zou and Jean-Pierre Leburton and Klaus Schulten},
  title = {Computational Investigation of {DNA} Detection Using Graphene Nanopores},
  journal = {{ACS} Nano}
}
@Book{shiriaev1992selected,
 author = {Shiriaev, Albert},
 title = {Selected works of A. N. Kolmogorov},
 publisher = {Springer Netherlands},
 year = {1992},
 address = {Dordrecht},
 isbn = {978-94-010-5003-6}
 }
 @article{Meunier2008,
  doi = {10.1063/1.2835350},
  url = {http://dx.doi.org/10.1063/1.2835350},
  year  = {2008},
  publisher = {{AIP} Publishing},
  volume = {128},
  number = {4},
  pages = {041103},
  author = {Vincent Meunier and Predrag S. Krstic},
  title = {Enhancement of the transverse conductance in {DNA} nucleotides},
  journal = {The Journal of Chemical Physics}
}
@article{Chen2012,
  doi = {10.1103/physrevb.85.115436},
  url = {http://dx.doi.org/10.1103/PhysRevB.85.115436},
  year  = {2012},
  month = {mar},
  publisher = {American Physical Society ({APS})},
  volume = {85},
  number = {11},
  author = {X. Chen and I. Rungger and C. D. Pemmaraju and U. Schwingenschlögl and S. Sanvito},
  title = {First-principles study of high-conductance {DNA} sequencing with carbon nanotube electrodes},
  journal = {Phys. Rev. B}
}
@article{Kim2013,
  doi = {10.1002/smll.201301225},
  url = {http://dx.doi.org/10.1002/smll.201301225},
  year  = {2013},
  month = {sep},
  publisher = {Wiley-Blackwell},
  volume = {10},
  number = {4},
  pages = {774--781},
  author = {Han Seul Kim and Seung Jin Lee and Yong-Hoon Kim},
  title = {Distinct Mechanisms of DNA Sensing Based on N-Doped Carbon Nanotubes with Enhanced Conductance and Chemical Selectivity},
  journal = {Small}
}
@article{Postma2010,
  doi = {10.1021/nl9029237},
  url = {http://dx.doi.org/10.1021/nl9029237},
  year  = {2010},
  month = {feb},
  publisher = {American Chemical Society ({ACS})},
  volume = {10},
  number = {2},
  pages = {420--425},
  author = {Henk W. Ch. Postma},
  title = {Rapid Sequencing of Individual {DNA} Molecules in Graphene Nanogaps},
  journal = {Nano Letters}
}
@article{Jeong2013,
  doi = {10.1063/1.4813418},
  url = {http://dx.doi.org/10.1063/1.4813418},
  year  = {2013},
  publisher = {{AIP} Publishing},
  volume = {103},
  number = {2},
  pages = {023701},
  author = {Heejeong Jeong and Han Seul Kim and Sung-Hoon Lee and Dongho Lee and Yong Hoon Kim and Nam Huh},
  title = {Quantum interference in DNA bases probed by graphene nanoribbons},
  journal = {Appl. Phys. Lett.}
}
@article{Saha2012,
  doi = {10.1021/nl202870y},
  url = {http://dx.doi.org/10.1021/nl202870y},
  year  = {2012},
  month = {jan},
  publisher = {American Chemical Society ({ACS})},
  volume = {12},
  number = {1},
  pages = {50--55},
  author = {Kamal K. Saha and Marija Drndic and Branislav K. Nikolic},
  title = {{DNA} Base-Specific Modulation of Microampere Transverse Edge Currents through a Metallic Graphene Nanoribbon with a Nanopore},
  journal = {Nano Letters}
}
@article{Min2011,
  doi = {10.1038/nnano.2010.283},
  url = {http://dx.doi.org/10.1038/nnano.2010.283},
  year  = {2011},
  month = {feb},
  publisher = {Nature Publishing Group},
  volume = {6},
  number = {3},
  pages = {162--165},
  author = {Seung Kyu Min and Woo Youn Kim and Yeonchoo Cho and Kwang S. Kim},
  title = {Fast {DNA} sequencing with a graphene-based nanochannel device},
  journal = {Nature Nanotech}
}
@misc{wikirouse,
  title={Rouse model wikipedia, date d'accès: 2015-10-21},
  url={https://en.wikipedia.org/wiki/Rouse_model},
  year={2015},
 
}
@misc{coarsegrainmodna,
  title={Modèle gros grain physique, date d'accès: 2015-10-21},
  url={http://www.unitedsci.com/product-catalog/dna-model},
  year={2015},
 
}
@misc{fullatomdnamodel,
  title={Modèle tout atome physique, date d'accès: 2015-10-21},
  url={http://www.molecularmodelscompany.com/},
  year={2015},
 
}
@article{HernndezAinsa2013,
  doi = {10.1021/nn401759r},
  url = {http://dx.doi.org/10.1021/nn401759r},
  year  = {2013},
  month = {jul},
  publisher = {American Chemical Society ({ACS})},
  volume = {7},
  number = {7},
  pages = {6024--6030},
  author = {Silvia Hernandez-Ainsa and Nicholas A. W. Bell and Vivek V. Thacker and Kerstin Göpfrich and Karolis Misiunas and Maria Eugenia Fuentes-Perez and Fernando Moreno-Herrero and Ulrich F. Keyser},
  title = {{DNA} Origami Nanopores for Controlling {DNA} Translocation},
  journal = {{ACS} Nano}
}
@article{2Bell2012,
  doi = {10.1021/nl204098n},
  url = {http://dx.doi.org/10.1021/nl204098n},
  year  = {2012},
  month = {jan},
  publisher = {American Chemical Society ({ACS})},
  volume = {12},
  number = {1},
  pages = {512--517},
  author = {Nicholas A. W. Bell and Christian. R. Engst and Marc Ablay and Giorgio Divitini and Caterina Ducati and Tim Liedl and Ulrich F. Keyser},
  title = {{DNA} Origami Nanopores},
  journal = {Nano Letters}
}
@article{Seeman1982,
  doi = {10.1016/0022-5193(82)90002-9},
  url = {http://dx.doi.org/10.1016/0022-5193(82)90002-9},
  year  = {1982},
  month = {nov},
  publisher = {Elsevier {BV}},
  volume = {99},
  number = {2},
  pages = {237--247},
  author = {Nadrian C. Seeman},
  title = {Nucleic acid junctions and lattices},
  journal = {Journal of Theoretical Biology}
}
@article{Rothemund2006,
  doi = {10.1038/nature04586},
  url = {http://dx.doi.org/10.1038/nature04586},
  year  = {2006},
  month = {mar},
  publisher = {Nature Publishing Group},
  volume = {440},
  number = {7082},
  pages = {297--302},
  author = {Paul W. K. Rothemund},
  title = {Folding {DNA} to create nanoscale shapes and patterns},
  journal = {Nature}
}
@article{Kuzuya2009,
  doi = {10.1039/b907800b},
  url = {http://dx.doi.org/10.1039/B907800B},
  year  = {2009},
  publisher = {Royal Society of Chemistry ({RSC})},
  number = {28},
  pages = {4182},
  author = {Akinori Kuzuya and Makoto Komiyama},
  title = {Design and construction of a box-shaped 3D-{DNA} origami},
  journal = {Chemical Communications}
}
@article{Zadegan2012,
  doi = {10.3390/ijms13067149},
  url = {http://dx.doi.org/10.3390/ijms13067149},
  year  = {2012},
  month = {jun},
  publisher = {{MDPI} {AG}},
  volume = {13},
  number = {12},
  pages = {7149--7162},
  author = {Reza M. Zadegan and Michael L. Norton},
  title = {Structural {DNA} Nanotechnology: From Design to Applications},
  journal = {{IJMS}}
}

@article{Kim2015,
  doi = {10.1016/j.bios.2015.02.020},
  url = {http://dx.doi.org/10.1016/j.bios.2015.02.020},
  year  = {2015},
  month = {jul},
  publisher = {Elsevier {BV}},
  volume = {69},
  pages = {186--198},
  author = {Han Seul Kim and Yong-Hoon Kim},
  title = {Recent progress in atomistic simulation of electrical current {DNA} sequencing},
  journal = {Biosensors and Bioelectronics}
}

@article{HUMP96,
  author={William Humphrey and Andrew Dalke and Klaus Schulten},
  title={{VMD} -- {V}isual {M}olecular {D}ynamics},
  journal={Journal of Molecular Graphics},
  year=1996,
  volume=14,
  pages={33-38},
  note={},
  tbstatus={Published.},
  techrep={},
  tbreference={222}
}



@inproceedings{STON2001,
  author={John Stone and Justin Gullingsrud and Paul Grayson and Klaus Schulten},
  title={A System for Interactive Molecular Dynamics Simulation},
  booktitle={2001 ACM Symposium on Interactive 3D Graphics},
  publisher={ACM SIGGRAPH},
  address={New York},
  editor={John F. Hughes and Carlo H. S\'equin},
  pages={191-194},
  year={2001},
  note={},
  tbreference={304},
  tbstatus={Published.},
  annote={This symposium took place between March 19-21, 2001. {ISBN} 1-58113-292-1.}
}

@article{Im2002,
  doi = {10.1016/s0022-2836(02)00380-7},
  url = {http://dx.doi.org/10.1016/S0022-2836(02)00380-7},
  year  = {2002},
  month = {jun},
  publisher = {Elsevier {BV}},
  volume = {319},
  number = {5},
  pages = {1177--1197},
  author = {Wonpil Im and Beno{\i}{\^}t Roux},
  title = {Ions and Counterions in a Biological Channel: A Molecular Dynamics Simulation of {OmpF} Porin from Escherichia coli in an Explicit Membrane with 1M {KCl} Aqueous Salt Solution},
  journal = {Journal of Molecular Biology}
}

@article{Noskov2004,
  doi = {10.1529/biophysj.104.044008},
  url = {http://dx.doi.org/10.1529/biophysj.104.044008},
  year  = {2004},
  month = {oct},
  publisher = {Elsevier {BV}},
  volume = {87},
  number = {4},
  pages = {2299--2309},
  author = {Sergei Yu. Noskov and Wonpil Im and Beno{\^{\i}}t Roux},
  title = {Ion Permeation through the $\alpha$-Hemolysin Channel: Theoretical Studies Based on Brownian Dynamics and Poisson-Nernst-Plank Electrodiffusion Theory},
  journal = {Biophysical Journal}
}

@incollection{Saraniti2006,
  doi = {10.1002/0471780367.ch4},
  url = {http://dx.doi.org/10.1002/0471780367.ch4},
  year  = {2006},
  month = {feb},
  publisher = {Wiley-Blackwell},
  pages = {229--293},
  author = {Marco Saraniti and Shela Aboud and Robert Eisenberg},
  title = {The Simulation of Ionic Charge Transport in Biological Ion Channels: An Introduction to Numerical Methods},
  booktitle = {Reviews in Computational Chemistry}
}

@misc{dari,
  title={DARI : Demande D'Attribution de Ressources Informatiques, date d'accès: 2015-10-21},
  howpublished={\url{https://www.edari.fr/}},
  year={2015},
 
}
@misc{tgcc,
  title={TGCC : Très Grand Centre de calcul du CEA, date d'accès: 2015-10-21},
  howpublished={\url{http://www-hpc.cea.fr/fr/complexe/tgcc.htm}},
  year={2015},
 
}

@misc{gnuplot, 
 author = {Thomas Williams and Colin Kelley and {many others}}, 
 title = {Gnuplot 5.0: an interactive plotting program, date d'accès: 2015-10-25}, 
 month = {October}, 
 year = {2015}, 
 howpublished={\url{http://gnuplot.sourceforge.net/}} 
} 

@Book{landau2009a,
 author = {Landau, David},
 title = {A guide to Monte Carlo simulations in statistical physics},
 publisher = {Cambridge University Press},
 year = {2009},
 address = {Cambridge New York},
 isbn = {9781107649804}
 }

@article{Verdier1962,
  doi = {10.1063/1.1732301},
  url = {http://dx.doi.org/10.1063/1.1732301},
  year  = {1962},
  publisher = {{AIP} Publishing},
  volume = {36},
  number = {1},
  pages = {227},
  author = {Peter H. Verdier and W. H. Stockmayer},
  title = {Monte Carlo Calculations on the Dynamics of Polymers in Dilute Solution},
  journal = {The Journal of Chemical Physics}
}
@article{Ferrantini2011,
  doi = {10.1088/1742-5468/2011/02/p02020},
  url = {http://dx.doi.org/10.1088/1742-5468/2011/02/P02020},
  year  = {2011},
  month = {feb},
  publisher = {{IOP} Publishing},
  volume = {2011},
  number = {02},
  pages = {P02020},
  author = {A Ferrantini and E Carlon},
  title = {Anomalous zipping dynamics and forced polymer translocation},
  journal = {J. Stat. Mech.}
}

@Book{allen1987computer,
 author = {Allen, M. P.},
 title = {Computer simulation of liquids},
 publisher = {Clarendon Press Oxford University Press},
 year = {1987},
 address = {Oxford England New York},
 isbn = {9780198553755}
 }
 
 @article{Verlet1967,
  doi = {10.1103/physrev.159.98},
  url = {http://dx.doi.org/10.1103/PhysRev.159.98},
  year  = {1967},
  month = {jul},
  publisher = {American Physical Society ({APS})},
  volume = {159},
  number = {1},
  pages = {98--103},
  author = {Loup Verlet},
  title = {Computer "Experiments" on Classical Fluids. I. Thermodynamical Properties of Lennard-Jones Molecules},
  journal = {Phys. Rev.}
}
 

@article{Heng2004,
  doi = {10.1529/biophysj.104.041814},
  url = {http://dx.doi.org/10.1529/biophysj.104.041814},
  year  = {2004},
  month = {oct},
  publisher = {Elsevier {BV}},
  volume = {87},
  number = {4},
  pages = {2905--2911},
  author = {Jiunn B. Heng and Chuen Ho and Taekyung Kim and Rolf Timp and Aleksij Aksimentiev and Yelena V. Grinkova and Stephen Sligar and Klaus Schulten and Gregory Timp},
  title = {Sizing {DNA} Using a Nanometer-Diameter Pore},
  journal = {Biophysical Journal}
}

@article{Heng2006,
  doi = {10.1529/biophysj.105.070672},
  url = {http://dx.doi.org/10.1529/biophysj.105.070672},
  year  = {2006},
  month = {feb},
  publisher = {Elsevier {BV}},
  volume = {90},
  number = {3},
  pages = {1098--1106},
  author = {J.B. Heng and A. Aksimentiev and C. Ho and P. Marks and Y.V. Grinkova and S. Sligar and K. Schulten and G. Timp},
  title = {The Electromechanics of {DNA} in a Synthetic Nanopore},
  journal = {Biophysical Journal}
}


@article{Aksimentiev2005,
  doi = {10.1529/biophysj.104.058727},
  url = {http://dx.doi.org/10.1529/biophysj.104.058727},
  year  = {2005},
  month = {jun},
  publisher = {Elsevier {BV}},
  volume = {88},
  number = {6},
  pages = {3745--3761},
  author = {Aleksij Aksimentiev and Klaus Schulten},
  title = {Imaging $\alpha$-Hemolysin with Molecular Dynamics: Ionic Conductance,  Osmotic Permeability,  and the Electrostatic Potential Map},
  journal = {Biophysical Journal}
}

@article{Aksimentiev2009,
  doi = {10.1109/mnano.2008.931112},
  url = {http://dx.doi.org/10.1109/MNANO.2008.931112},
  year  = {2009},
  month = {mar},
  publisher = {Institute of Electrical {\&} Electronics Engineers ({IEEE})},
  volume = {3},
  number = {1},
  pages = {20--28},
  author = {Aleksei Aksimentiev and Robert Brunner and Eduardo Cruz-Chu and Jeffrey Comer and Klaus Schulten},
  title = {Modeling transport through synthetic nanopores},
  journal = {{IEEE} Nanotechnology Magazine}
}

@article{Ramachandran2011,
  doi = {10.1021/jp101052x},
  url = {http://dx.doi.org/10.1021/jp101052x},
  year  = {2011},
  month = {may},
  publisher = {American Chemical Society ({ACS})},
  volume = {115},
  number = {19},
  pages = {6138--6148},
  author = {Abhijit Ramachandran and Qingjiang Guo and Samir M. Iqbal and Yaling Liu},
  title = {Coarse-Grained Molecular Dynamics Simulation of {DNA} Translocation in Chemically Modified Nanopores},
  journal = {The Journal of Physical Chemistry B}
}
@article{Forrey2007,
  doi = {10.1063/1.2746246},
  url = {http://dx.doi.org/10.1063/1.2746246},
  year  = {2007},
  publisher = {{AIP} Publishing},
  volume = {127},
  number = {1},
  pages = {015102},
  author = {Christopher Forrey and M. Muthukumar},
  title = {Langevin dynamics simulations of ds-{DNA} translocation through synthetic nanopores},
  journal = {The Journal of Chemical Physics}
}

@article{Lansac2004,
  doi = {10.1016/j.polymer.2004.02.040},
  url = {http://dx.doi.org/10.1016/j.polymer.2004.02.040},
  year  = {2004},
  month = {apr},
  publisher = {Elsevier {BV}},
  volume = {45},
  number = {9},
  pages = {3099--3110},
  author = {Yves Lansac and Prabal K. Maiti and Matthew A. Glaser},
  title = {Coarse-grained simulation of polymer translocation through an artificial nanopore},
  journal = {Polymer}
}