@article{kasianowicz,
author = {Kasianowicz, John J. and Brandin, Eric and Branton, Daniel and Deamer, David W.}, 
title = {Characterization of individual polynucleotide molecules using a membrane channel}, 
volume = {93}, 
number = {24}, 
pages = {13770-13773}, 
year = {1996}, 
URL = {http://www.pnas.org/content/93/24/13770.abstract}, 
eprint = {http://www.pnas.org/content/93/24/13770.full.pdf+html}, 
journal = {Proceedings of the National Academy of Sciences} 
}

@article{watsoncrick,
title = {Molecular Structure of Nucleic Acids: A Structure for Deoxyribose Nucleic Acid},
author = {Watson, J. D.; Crick, F. H. C.},
Affiliation = {AA(Medical Research Council Unit for the Study of the Molecular Structure of Biological Systems, Cavendish Laboratory, Cambridge. April 2.), AB(Medical Research Council Unit for the Study of the Molecular Structure of Biological Systems, Cavendish Laboratory, Cambridge. April 2.)},
Publication:	
	Nature, Volume 171, Issue 4356, pp. 737-738 (1953). (Nature Homepage)
Publication Date:	
	04/1953
Origin:	
	NATURE
DOI:	
	10.1038/171737a0
Bibliographic Code:	
	1953Natur.171..737W
}
